2800 4767
247 258 297 341 m
530 254 1044 375 surrou1rss

145 536 154 549 ,
230 456 240 535 ’.
253 458 433 575 eaque-in
465 456 618 536 tentorio
645 458 772 559 reponi
801 461 931 557 jussit,
964 476 1007 537 ut
1032 429 1115 537 mox
1144 490 1229 551 cum
1247 465 1326 541 suis

140 568 145 576 '
253 572 382 632 mortui
414 556 547 631 ossibus
571 560 758 655 conjuncta
786 560 902 634 eidem
922 558 1058 635 tumulo
1082 563 1326 655 inferrentur,

253 657 371 759 itaque
392 670 548 731 mortuos
563 657 670 729 etiam
689 659 840 731 amicitia
860 667 1019 762 jungeret
1036 681 1063 736 ¹.
1090 666 1188 755 Quae
1202 664 1328 739 Achil·

170 769 172 775 ’
253 754 297 829 lis
317 756 482 830 mandata
502 755 658 857 perfecta
690 758 888 831 traduntur.
940 762 1027 858 ἧκε
1049 764 1146 834 enim
1170 786 1248 839 ossa
1271 762 1327 837 le·

256 854 419 956 gentibus
437 856 581 931 Achivis
606 862 725 951 χρύσεον
742 869 907 958 ἀμφιφορῆα
923 857 1022 936 dedit
1044 874 1174 955 mater,

353 951 409 1029 Ἐν
428 958 468 1053 τῷ
484 984 525 1028 τοι
546 972 634 1026 κεῖται
653 952 728 1026 λεύκ’
744 960 849 1048 ὀστέα,
875 961 986 1057 φαλλῷ
1000 962 1153 1057 Ἀχιλλεῦ,

269 1076 284 1135 l,
359 1054 514 1160 Ma'y'cleo‘i
534 1056 709 1152 Πατρόκλοιο
731 1059 915 1133 uotiua
933 1062 1100 1147 euersa.

601 1350 978 1387 m·

326 1520 563 1649 ¹carus
597 1572 895 1654 unomen
928 1569 1242 1671 Qussruu.

621 1790 674 1851 DE
706 1792 965 1855 SEPUL‘I'UM·

303 2033 335 2135 ξ.
365 2062 397 2110 r.
447 1991 605 2111 Omnes
622 2039 770 2113 omnino
787 2037 975 2113 firnerandi
990 2038 1081 2113 ritus
1094 2037 1255 2137 religiose
1275 2064 1338 2115 an·

255 2132 407 2239 tiquitus
441 2133 642 2221 observatos
662 2136 835 2231 vidimus,
860 2152 897 2213 at
925 2141 1113 2241 praecipua
1138 2151 1258 2211 tamen
1277 2162 1338 2209 re·

256 2234 385 2333 ligione
398 2234 437 2305 in
449 2237 598 2309 mortuis
614 2237 828 2340 sepeliundis
847 2236 1088 2314 versabantur.
1137 2238 1238 2329 Quae
1253 2238 1338 2339 qui·

129 2363 132 2371 ·
249 2330 343 2405 dem
370 2332 568 2433 sepulturae
598 2362 682 2409 cura
719 2334 966 2437 superstitibus
994 2335 1246 2428 incumbebat,
1274 2336 1337 2409 oui
1392 2411 1393 2414 ,

259 2434 291 2506 si
318 2431 544 2525 defuissent,·
567 2435 770 2533 gravissima
797 2460 861 2510 eos
886 2435 1053 2511 manebat
1078 2437 1235 2510 Deorum
1255 2437 1338 2525 ira,

260 2528 561 2631 quemadmodum
591 2546 625 2605 ot
650 2532 792 2606 aliunde
827 2547 864 2608 et
896 2559 940 2608 ex
966 2534 1119 2636 Elpenoi
1149 2532 1197 2609 ad
1227 2534 1341 2635 Ulys-

253 2652 338 2703 sem
353 2627 472 2703 verbis
492 2631 602 2735 liquet
623 2630 799 2725 dicentis,

358 2734 413 2813 Μή
434 2728 465 2823 μ’
484 2730 663 2825 ἄκλαυστον,
686 2736 834 2826 ἄθαπτον,
859 2739 908 2806 ἰὼν
925 2732 1020 2809 ὄπιθεν
1042 2736 1238 2821 καταλείπω,

360 2832 552 2926 Νοσφισθείς,
577 2842 620 2926 μή
642 2862 684 2906 τοι
697 2861 732 2905 ’τι
753 2838 824 2905 θεῶν
844 2843 955 2927 μήνιμα
970 2836 1094 2930 γένωμαι
1110 2830 1140 2908 5.
1235 2892 1239 2897 .
1327 2888 1331 2895 -

259 2920 355 3000 Hinc
382 2926 509 3001 herotis
548 2926 724 3004 horrenda
765 2928 947 3004 interdum
981 2929 1122 3004 subibat
1148 2926 1342 3025 cogitatio,

258 3038 343 3125 post
373 3026 442 3101 lata
477 3052 517 3100 se
549 3027 673 3101 avibus
705 3027 922 3129 canibusque
952 3028 1108 3102 ludibria
1136 3028 1273 3101 futuros
1291 3024 1341 3121 4,

260 3150 368 3225 quam
384 3126 675 3201 contumeliosam
692 3142 843 3200 mortem
860 3126 1018 3201 hostibus
1032 3125 1053 3184 ⁵
1074 3126 1264 3228 imprecari
1282 3150 1340 3197 so·

259 3220 334 3294 lent
358 3236 395 3294 et
424 3224 561 3323 ignavis
573 3224 604 3298 6.
654 3226 792 3298 Eadem
821 3224 867 3298 de
897 3252 1000 3300 causa
1031 3231 1122 3326 aqui
1147 3224 1258 3322 mergi
1286 3223 1343 3293 fu·

173 3339 177 3345 ’
259 3321 500 3395 uestissimum
521 3323 673 3397 habetur
689 3340 728 3415 7,
752 3350 820 3397 nec
851 3351 929 3398 rara
957 3338 1148 3399 occurrunt
1168 3324 1213 3396 de
1231 3320 1341 3392 amici

256 3416 431 3497 cadavere
448 3418 496 3495 ad
519 3424 736 3525 sepulturam
748 3422 954 3526 recipiendo
980 3446 1065 3497 cum
1080 3419 1240 3499 hostibus
1260 3444 1344 3491 eer-

602 3561 606 3569 .
1291 3532 1344 3590 ra.

297 3728 327 3800 ι)
344 3728 406 3786 vid.
422 3726 458 3788 Il.
474 3726 579 3804 XXIII,
595 3734 647 3790 244
662 3750 735 3807 seqq.
823 3734 922 3805 alliis
942 3732 1052 3791 Atridae
1076 3730 1164 3787 anima
1184 3730 1298 3787 Peliden
1315 3734 1344 3786 in

252 3810 352 3867 Inferis
368 3812 482 3867 allocuta
498 3813 596 3882 legitur
621 3815 671 3873 ot.
687 3815 787 3887 XXIV,
804 3822 838 3890 76
855 3836 930 3888 seqq.
993 3815 1004 3839 '
1033 3815 1064 3884 5)
1080 3811 1202 3881 Odi-XI,
1220 3834 1263 3886 72·
1300 3815 1343 3874 Cf.

258 3892 412 3949 Patroolrae
423 3894 531 3951 umbrae
544 3898 649 3967 querela
665 3897 698 3951 11.
713 3896 814 3969 XXIII,
832 3904 867 3970 69
880 3918 951 3972 seqq.
1026 3898 1059 3967 4)
1077 3897 1114 3952 Ut
1128 3894 1163 3952 IL
1176 3896 1261 3965 XIII,
1279 3899 1342 3955 253.

261 3975 297 4033 el.
312 3976 332 4032 l.
401 3978 432 4047 5)
451 3975 516 4028 tid.
531 3978 566 4033 ll.
579 3978 659 4047 VIII,
677 3983 738 4052 579.
811 3982 844 4049 6)
862 3982 923 4039 vit.
940 3980 974 4039 ll.
985 3980 1031 4051 II,
1049 3984 1097 4052 591
1115 3971 1187 4049 sequ.
1205 3976 1271 4050 XV,
1289 3980 1341 4035 ³48

260 4060 330 4127 seqq.
358 4072 362 4083 ·
408 4056 438 4127 7)
451 4058 533 4125 Quot
546 4058 599 4117 sus
622 4060 777 4131 deprecatur
794 4061 912 4122 Achille
928 4061 961 4123 u
977 4062 1053 4132 XXI,
1070 4076 1121 4131 ²79
1135 4076 1207 4133 seqq.
