2800 4767
200 276 284 349 'a
545 236 1045 321 ruoouuaou

256 416 286 520 a¹
305 440 385 520 lasti
417 454 470 517 tot
502 440 816 524 emethanorum
855 438 1013 519 tironum
1046 436 1224 542 grune-
1240 452 1356 545 uon¹

242 595 277 638 a
305 575 455 652 tactam,
480 584 523 633 eo
543 560 798 660 tamen'magis
820 558 1070 650 necessariam,
1093 557 1322 662 qmnmfle-

255 712 278 754 s
305 702 423 753 merus
446 690 482 751 et
504 676 579 751 aliie
600 692 653 752 est
679 678 912 781 praestantior
935 691 973 753 et
990 675 1157 754 omnibus
1183 674 1324 753 doetri-

190 866 191 871 ,
253 828 276 871 a
302 822 369 871 nae
384 794 489 870 rebus
507 794 732 898 partibusque
748 795 910 897 praebuit
919 794 1081 890 exordia,
1096 808 1133 869 et
1144 810 1325 874 venetam

242 945 276 989 aa
304 916 490 989 Graeciam
520 912 648 1027 alioqui
684 939 827 1017 prorsus
856 914 1045 991 obscuram
1081 928 1119 990 et
1153 915 1324 1014 ignoran-

254 1066 276 1110 s
306 1034 394 1109 dam*
417 1058 507 1107 unus
528 1034 666 1135 aperuit
694 1048 732 1107 et
754 1036 930 1112 enarravit
955 1030 1146 1137 primast
1193 1035 1325 1129 Quan-

237 1162 333 1239 ftum
356 1150 473 1225 autem
499 1149 643 1225 luminis
668 1164 751 1255 post
777 1150 960 1229 Feithium
982 1152 1131 1228 Homeri
1151 1153 1325 1229 mrmini·

239 1267 321 1345 -hus
350 1294 394 1344 ex
414 1268 520 1345 variis
547 1272 782 1345 recentiorum
804 1270 945 1371 seriptis
971 1273 1178 1365 aeeesserit,
1202 1271 1325 1347 Iidem

253 1386 356 1484 Viri,
377 1412 473 1491 quos
500 1386 723 1483 laudabam,
754 1389 797 1465 it
824 1390 1030 1465 memoriam
1060 1388 1151 1466 milri
1182 1412 1327 1475 rerooa·

130 1584 133 1605 ,
240 1520 354 1601 runt,
384 1533 427 1581 ex
451 1534 601 1613 quorum
620 1508 796 1583 sententia
825 1508 931 1610 Dect.
949 1509 1031 1584 Viri
1051 1509 1110 1586 vel
1127 1510 1249 1586 critica
1264 1513 1330 1585 in·

240 1624 432 1699 etituenda
451 1623 508 1703 rel
528 1626 816 1729 interpretatione
836 1624 1092 1703 conscribenda
1112 1627 1158 1702 de
1184 1630 1324 1706 Poetae

242 1744 468 1819 :carminibus
494 1743 609 1849 deque
630 1739 794 1820 omnibus
816 1742 905 1820 adeo
931 1746 1066 1847 optime
1088 1760 1325 1857 meruerunt,

241 1877 426 1966 ,quotquot
442 1865 657 1939 Graecarum
674 1858 854 1937 literarum
871 1862 987 1937 studia
1006 1864 1171 1965 diligunt.
1219 1868 1327 1962 Quae

238 1982 431 2059 .=Feithium
446 1998 482 2077 ²,
503 1980 629 2093 seculo¹
642 1979 780 2055 decimo
802 1994 902 2057 sexto
929 1982 1124 2078 virentem,
1148 1984 1217 2061 nisi
1236 2003 1329 2059 ema

1242 2130 1328 2198 mat,

278 2298 330 2379 ·t)
350 2273 444 2363 Natus
467 2308 570 2362 autem
595 2309 642 2363 est
660 2298 727 2365 Vir.
747 2302 835 2364 Doet.
855 2298 986 2380 Elburgi
1008 2297 1190 2371 Gelrorum,
1224 2297 1328 2362 hone-

252 2410 300 2463 sta
316 2400 542 2485 farnilia,quae
560 2423 693 2465 summos
709 2404 745 2465 in
761 2404 863 2484 patria
877 2402 971 2483 gessit
989 2400 1130 2461 honores.
1156 2400 1327 2483 Postquam

254 2496 374 2583 aliquot
396 2524 490 2565 annos
514 2504 750 2589 Philosophiae,
770 2504 952 2587 praesertim
972 2520 1065 2584 quam
1084 2501 1328 2583 Peripatetioam

252 2614 380 2681 vocant,
397 2592 614 2689 impendissem
633 2606 753 2667 relietis
770 2606 858 2667 relut
879 2604 998 2685 asperis
1014 2604 1242 2687 inamoenisque
1260 2608 1329 2687 syl·

255 2708 321 2779 ris,
343 2708 386 2768 ‘ad
405 2692 612 2789 elegantiore}
629 2706 747 2797 litteras
765 2708 901 2768 animum
918 2705 1087 2786 applicuit,
1115 2714 1199 2767 tanto
1219 2709 1330 2772 studio

241 2817 286 2895 ¹et
307 2808 484 2891 diligentia,
501 2818 536 2869 ut
550 2808 641 2871 brevi
661 2809 694 2869 in
712 2810 822 2871 intima
841 2820 903 2871 non
919 2818 1038 2870 tantum
1057 2808 1194 2883 &aseae
1213 2810 1270 2871 sed
1292 2821 1330 2879 et

253 2910 416 2975 Hebraeae
446 2912 570 2994 liuguae
590 2911 683 2993 adyta
710 2912 889 2993 penetrarit.
930 2909 1028 2989 Cujus
1052 2908 1277 2989 amplissimum
1296 2916 1330 2976 ei

254 3014 446 3096 perhibuere
469 3014 676 3089 testimouium
695 3014 740 3075 Cl.
759 3000 938 3075 Bearnensis
961 3010 1153 3084 Academiae,
1168 3012 1330 3077 Professo-

241 3108 314 3178 res.
355 3118 427 3181 Post
442 3116 566 3197 longam
586 3114 865 3197 peregrinationem
880 3116 913 3175 in
927 3113 1058 3199 patriam
1078 3112 1177 3174 redux
1197 3111 1332 3182 offendit

253 3218 445 3279 foederatum
465 3214 607 3296 Belgium
628 3216 773 3278 terrificis
796 3216 1017 3296 Hispanorum,
1040 3216 1164 3299 Spinola
1179 3217 1332 3297 duetore,

255 3302 443 3381 exercitibus
460 3317 657 3398 perculsum:
678 3329 724 3393 et,
743 3317 806 3381 nisi
833 3319 977 3400 egregia,
1001 3330 1202 3400 constansque
1230 3321 1331 3385 etiam

253 3423 288 3483 in
302 3418 438 3481 adversis
452 3428 629 3481 'nostrorum
649 3421 752 3481 virtus
768 3421 955 3491 obstitisset,
978 3421 1013 3480 in
1028 3418 1237 3510 infelieissima
1254 3423 1331 3485 ine·

254 3540 359 3584 ramus
377 3520 441 3583 fata
464 3521 602 3601 projecti.
641 3522 678 3585 In
699 3507 759 3587 hoe
779 3544 935 3587 armorum
955 3505 1087 3604 strepitu
1112 3523 1251 3585 Feithius
1269 3546 1333 3606 ραι,

257 3626 320 3685 tria
335 3624 484 3697 excessit,
505 3632 535 3683 et
553 3622 588 3683 in
613 3620 714 3685 Gallia
734 3625 832 3687 larem
851 3626 935 3700 fixit,
955 3624 1163 3708 Graecamque
1180 3625 1331 3709 linguam

259 3733 307 3785 est
323 3724 502 3805 professus,
516 3721 629 3784 clarus
648 3710 785 3789 amicitia
803 3730 889 3789 Doot.
907 3727 1096 3801 casauboni,
1116 3728 1261 3800 Puteaui,
1287 3732 1331 3792 il-

258 3812 424 3907 lustrisque
447 3823 580 3885 Thuani.
618 3824 769 3907 Rupellae
792 3829 837 3909 (la
861 3828 1021 3908 Roohelle)
1049 3830 1173 3893 veroin
1190 3829 1332 3894 Santoni·

259 3928 336 3997 bus,
358 3924 475 3988 famulo
493 3926 654 3987 eomitante
676 3928 926 4006 obambulam,
915 3950 949 3990 m
963 3931 1039 3993 civis
1058 3932 1219 4013 Rupellani
1232 3935 1330 3997 aedes

262 4034 404 4091 vocatur:
429 4033 480 4089 ..αι’
503 4026 698 4109 (magistratu
723 4017 890 4114 diligenter
916 4032 1002 4097 licet·
1019 4031 1225 4117 inquirente),
1247 4030 1332 4095 ἰιιιαι

1235 4157 1334 4217 quam
