2800 4767
324 54 331 118 l

327 231 399 334 squ
497 259 500 269 f
606 217 1121 318 anrroturus

323 428 411 519 ‘Qua
435 449 558 500 currus
588 424 628 500 in
649 423 808 498 membra
829 448 891 499 sua
920 421 1146 498 dissolutione
1172 422 1309 500 facturn
1330 445 1394 525 est,

329 541 393 615 ut,
411 525 441 597 si
464 550 505 596 eo
525 547 612 623 opus
639 537 749 614 esset,
776 520 928 619 singulae
957 527 1035 624 ejus
1058 536 1199 622 partes,
1226 525 1317 598 inde
1340 557 1394 628 pe-

330 625 433 704 titae.
464 622 580 695 denuo
601 620 861 722 componendae
886 635 1002 694 essent
1032 646 1072 692 ea
1097 623 1259 718 ratione,
1296 653 1394 725 quam

277 758 280 766 ·
332 721 493 822 pluribus
514 747 617 821 supra
648 720 891 820 explicuimus.
940 714 1047 792 Hinc'
1062 721 1194 793 Priami
1215 720 1282 793 filii
1311 730 1394 825 patri

323 821 441 920 ‘equos
459 829 487 892 ἐν
506 823 633 912 δώμασιν
655 825 782 915 ὑψηλοῖσι
798 817 952 916 junxisse
972 811 1139 895 dicuntur
1156 833 1188 907 ¹,
1216 847 1294 921 quo
1311 826 1395 898 sacto

332 943 414 991 curn
430 941 606 1049 praecone
633 943 738 992 senex
765 941 908 990 currum
933 915 1160 988 conscendit:

439 1025 487 1090 Ειι
506 1015 535 1092 d’
546 1016 632 1089 ilaue
645 1023 786 1114 προθύροιο
804 1023 853 1088 καὶ
872 1020 1002 1100 αἰθούσης
1020 1018 1156 1112 spumae
1172 1033 1202 1089 ².

512 1569 771 1650 CAPUT
832 1568 1223 1651 DECIMUM:

652 1857 656 1867 .
721 1788 774 1841 ua
806 1763 1012 1846 narrnus.

383 2043 415 2143 ξ.
445 2067 475 2114 ι.
522 1991 779 2134 Fre'quentem
796 2031 941 2110 narium
954 2034 1171 2110 mentionem
1181 2039 1395 2117 carminibus

333 2137 482 2218 intexuit
502 2137 690 2208 Homerus.
740 2132 796 2206 Ne
815 2129 860 2202 de
884 2156 1022 2221 earum,
1042 2134 1170 2233 quibus
1188 2138 1233 2209 ad
1248 2139 1396 2240 ⁴Trojam

333 2233 603 2342 oppugnandam
617 2231 741 2304 Graeci
755 2218 902 2328 profecti
921 2241 1026 2318 sunt,
1047 2233 1198 2330 catalogo
1208 2233 1347 2312 dicam:
1360 2265 1396 2312 ex

332 2343 396 2427 iis,
421 2359 509 2438 qtrae
527 2333 566 2407 in
587 2329 823 2428 superioribus
844 2327 890 2399 de
911 2340 1104 2402 mercatura
1125 2347 1161 2404 et
1175 2336 1325 2433 piratica
1344 2365 1397 2411 er-

333 2437 513 2538 posuimus
528 2431 568 2519 5,
602 2428 743 2501 heroica
773 2429 880 2500 etiarn
914 2440 1026 2499 aetate
1060 2430 1226 2523 naribus,
1253 2462 1396 2534 quarum

336 2527 653 2624 construendorum
680 2539 794 2600 artem¹
810 2538 1005 2610 noverant,
1023 2539 1099 2598 tum
1118 2529 1297 2626 Graecos,
1328 2550 1396 2608 tum

293 2693 296 2696 .
328 2634 420 2708 ¹alios
445 2626 593 2731 populos
615 2650 693 2700 usos
720 2642 818 2704 esse.
843 2625 946 2714 satis,
970 2626 1010 2696 ni
1035 2625 1157 2719 fallor,
1182 2631 1312 2732 cuique
1342 2663 1397 2735 pa·

335 2733 417 2806 tuit.
477 2729 554 2801 Nec
589 2737 708 2796 tamen
740 2722 805 2794 has
844 2721 967 2794 eadem
1002 2726 1139 2798 ratione
1183 2742 1290 2829 atque
1330 2750 1396 2806 arte

333 2832 421 2922 olim
461 2820 750 2910 fabricabantur,
796 2819 1017 2892 instruebant
1054 2836 1089 2894 et
1136 2826 1399 2922 gubernabant,

335 2955 443 3034 quarn
466 2923 658 3027 posteriore
681 2933 841 3019 tempore
859 2945 941 2993 usus
964 2919 1084 2993 docuit
1102 2935 1138 2994 et
1159 2925 1399 3020 ipsainrenit

335 3029 519 3104 hominum
539 3019 691 3094 solertia.
742 3015 944 3116 Simplicior
961 3018 1029 3089 hoc
1041 3045 1125 3093 aevo
1143 3023 1210 3094 fuit
1232 3040 1268 3097 et
1284 3033 1399 3102 minus

157 3103 159 3110 ,
214 3203 216 3210 ,
334 3125 492 3202 absoluta
521 3120 648 3193 ratium
670 3115 822 3188 fabrica:
848 3114 949 3207 litora
966 3117 1038 3188 sere
1057 3116 1210 3216 legentes
1235 3150 1311 3199 nou
1334 3130 1398 3199 nisi

336 3227 491 3300 interdiu
518 3215 611 3291 mari
638 3214 747 3290 infido
782 3238 858 3286 sese
886 3213 1097 3308 credebant,
1121 3234 1232 3294 noctu
1249 3225 1396 3298 navibus

332 3323 501 3400 inlitora
532 3311 735 3388 subductis:
761 3337 839 3383 raro
871 3325 932 3384 aut
958 3340 1138 3414 nunquam
1164 3320 1274 3391 altum
1306 3339 1398 3422 pete

336 3426 447 3509 bant,
475 3418 520 3490 iis
540 3413 672 3512 quippe
686 3412 929 3484 instrumentis
947 3409 1127 3503 destitutl;
1151 3417 1281 3515 quibus
1303 3449 1394 3495 nuuc

335 3535 412 3598 tuto
436 3515 528 3591 illud
541 3515 618 3586 fieri
639 3509 735 3582 licet.
783 3509 850 3580 Est
872 3533 975 3599 vero,
995 3510 1093 3610 quod
1110 3512 1148 3584 in
1166 3515 1222 3586 bis
1239 3519 1397 3617 navigan·

333 3621 374 3697 'di
403 3619 486 3694 artis
511 3603 735 3688 incunabulis
765 3607 909 3681 navium
934 3608 1214 3706 magnitudinem
1241 3620 1399 3710 mneris,

1314 3742 1399 3818 qliae

191 3885 197 3893 Ι
306 3919 730 4001 '.1)Vid.11.XXlV,28n
818 3917 1116 3992 ultionum,
1204 3928 1400 4000 dmum

333 4033 359 4074 c·
377 4033 427 4084 ro²
443 4029 486 4068 ιι.
