2800 4767
267 306 291 361 a
548 261 1060 367 ANTJQ'UITAS

269 480 404 559 miscus
424 474 587 567 omnibus
599 475 676 550 Diis
686 472 822 575 Pelasgi
841 476 1013 550 sacrificia
1019 471 1217 569 iaciebant,
1237 474 1338 547 nullo

273 580 437 679 cuiqnam
455 577 599 659 nomine
618 588 679 657 aut
702 576 908 673 cognomine
926 575 1107 675 imposito,
1128 597 1217 674 qnae
1234 572 1340 672 longo

272 676 417 751 demum
439 688 597 775 tempore
613 672 734 773 elapso
745 699 788 763 ex
803 671 961 774 Aegypto
976 672 1025 749 ad
1036 673 1112 747 illos
1134 670 1268 772 perlata
1287 698 1344 744 re·

200 794 207 808 ·
270 778 350 855 fert.
401 772 672 873 Quadringentis
682 798 756 861 non
769 771 918 872 amplius
937 785 1018 847 ante
1040 799 1077 845 se
1098 771 1200 845 annis
1213 770 1346 843 Home·

271 900 355 948 rum
367 887 473 976 atque
482 870 679 963 Hesiodum
694 872 827 972 primos
839 860 951 963 inisse
968 886 1104 965 censet,
1120 870 1182 975 qui
1195 869 1343 942 Graecis

272 972 495 1069 theogoniam
530 970 686 1048 versibus
715 971 984 1069 consignarent,
1021 972 1099 1044 Diis
1134 968 1344 1067 cognomina

275 1071 421 1163 darent,
438 1072 587 1161 honores
607 1083 643 1143 et
659 1093 806 1146 munera
825 1068 1078 1147 distribuerent
1097 1083 1203 1169 atque
1218 1092 1345 1139 eornm

274 1171 443 1269 imagines
469 1172 692 1270 designarent
709 1186 736 1242 ².
787 1170 885 1261 Quae
908 1168 1052 1269 quidem
1079 1164 1252 1242 Herodoti
1265 1192 1347 1243 ver·

274 1266 321 1345 ba
353 1295 427 1342 non
464 1272 513 1344 ita
547 1286 629 1343 sunt
670 1266 893 1367 accipienda,
923 1281 963 1340 ut
1000 1292 1042 1341 ea
1068 1266 1186 1341 omnia
1212 1265 1347 1338 Home-

277 1382 413 1445 mmet
432 1368 628 1442 Hesiodum
646 1366 779 1467 primos
801 1367 978 1441 invenisse
998 1367 1260 1440 existimemus:
1288 1363 1346 1435 his

277 1467 375 1541 enim
403 1482 605 1567 repugnant*
632 1487 721 1568 quae
750 1464 795 1537 de
825 1464 991 1565 Orpheo,
1027 1466 1172 1539 Musaeo
1201 1462 1348 1562 aliisque

184 1606 188 1619 ·
276 1566 508 1640 veterioribus
540 1579 622 1639 sunt
652 1563 803 1664 prodita.
861 1566 976 1637 Immo
1000 1590 1083 1639 vero
1110 1566 1177 1637 fuit
1203 1560 1351 1634 Graecis

278 1662 492 1765 mythologie
512 1678 593 1743 ante
617 1665 764 1739 Homeri
785 1677 822 1736 et
834 1663 983 1739 Hesiodi
1002 1677 1177 1764 tempora:
1202 1660 1243 1733 hi
1265 1683 1349 1733 vero

278 1788 300 1834 e
321 1764 483 1863 populari
500 1764 706 1852 traditione,
730 1788 818 1863 qnae
834 1763 880 1836 ad
901 1760 994 1835 Deos
1011 1764 1209 1863 pertinent,
1234 1758 1352 1832 omnia

280 1858 466 1960 diligenter
494 1862 602 1937 relata
632 1863 896 1937 confirmarunt
929 1874 966 1933 et
997 1875 1119 1935 ornata
1157 1870 1351 1946 auxerunt,

176 2004 179 2010 ·
279 1960 330 2036 ita
348 1974 398 2061 ut
427 1960 512 2037 dein
535 1964 607 2037 fere
629 1960 696 2035 soli
719 1962 758 2032 in
782 1962 999 2035 Graecorum
1027 1958 1200 2061 theologia
1221 1956 1352 2059 princi·

276 2084 340 2165 pes
367 2058 578 2136 haberentur
599 2077 635 2135 et
659 2060 759 2165 quasi
784 2074 940 2133 auctores
957 2076 986 2133 ².

327 2144 415 2255 §.⁸3.
466 2160 590 2235 Miram
618 2174 653 2233 et
670 2158 862 2256 ,absurdam
876 2184 1018 2259 prorsus
1031 2159 1159 2260 priscis
1171 2160 1248 2233 ¹istis
1263 2168 1354 2229 tem·

213 2326 216 2336 .
279 2256 429 2356 poribus
451 2255 496 2330 de
510 2260 585 2332 Dii's
603 2250 804 2359 opinionem
822 2258 987 2331 fovebant
1003 2258 1176 2331 mortales.
1212 2260 1267 2333 Ut
1286 2256 1354 2357 ipsi

226 2399 230 2411 ·
281 2369 405 2443 erant,
432 2356 487 2427 ita
501 2356 568 2431 sibi
589 2358 684 2434 Deos
706 2355 958 2433 informabant.
1006 2354 1168 2430 Eandem
1188 2358 1231 2432 iis
1260 2356 1355 2453 cogi·

282 2454 406 2543 tandi,
425 2456 558 2555 'agendi
578 2471 617 2528 et
632 2452 776 2531 vivendi
796 2456 969 2528 rationem
983 2453 1229 2553 affingebant,
1248 2479 1355 2559 quam

281 2553 354 2651 ipsi
382 2553 635 2653 sequebantur,
669 2552 867 2654 iisdemque
896 2550 1148 2655 cupiditatibus
1166 2570 1219 2650 ⁴et
1251 2553 1357 2631 affec-

282 2650 380 2725 tibus
398 2652 554 2726 Numina
598 2652 735 2730 moveri
766 2650 1143 2768 credebant,'·quibus
1183 2681 1259 2728 sese
1289 2653 1357 2723 im·

280 2748 368 2858 pelli
390 2749 602 2831 sentiebant
642 2738 810 2848 ¹Verbo,
838 2777 881 2826 ao
908 2777 1062 2827 maxime
1087 2765 1124 2825 et
1146 2755 1251 2829 unice
1267 2751 1358 2923 'stig

285 3032 363 3087 nibus
380 3034 494 3090 conferri
512 3044 627 3091 meretur
645 3032 675 3087 Ρ.
694 3032 726 3091 F.
743 3034 775 3091 A.
793 3030 907 3099 Niueh’s
923 3030 1117 3104 Bescbreibnng
1128 3033 1174 3088 dea
1190 3032 1359 3108 binalieben,

289 3116 558 3169 Gottasdienstlieben
570 3127 619 3171 nte.
653 3116 798 3173 Zostandes
816 3115 863 3169 der
875 3114 1008 3169 Griaohen
1026 3127 1074 3174 etc.
1090 3116 1179 3174 ascite
1194 3116 1295 3189 'anflage
1310 3136 1361 3174 von

289 3196 325 3261 G·
345 3197 379 3255 G.
397 3196 423 3261 δ.
442 3197 541 3267 Kttpke.
575 3197 669 3257 Erfurt
683 3201 759 3255 1806.
777 3210 841 3254 torn.
856 3196 879 3254 1.
895 3217 921 3267 p.
938 3200 989 3253 640
1001 3214 1072 3268 seqq.

326 3278 361 3347 a)
380 3278 451 3335 Hist.
469 3278 501 3336 L·
517 3278 553 3337 Π.
571 3297 594 3334 e·
611 3282 653 3338 55.
691 3278 752 3354 Vid.
769 3278 859 3336 Briefe
883 3280 947 3333 tiber
963 3278 1063 3334 Homer
1081 3279 1135 3334 und
1156 3279 1287 3354 Hesiodus
1308 3294 1358 3341 ets.

290 3379 339 3418 ron
361 3358 395 3420 G.
412 3362 546 3420 Hermann
570 3359 622 3414 und
648 3360 679 3418 F.
697 3359 818 3419 Creuner.
834 3360 954 3421 Heidelb.
973 3365 1046 3420 1818.
1075 3374 1102 3415 et
1122 3374 1192 3420 anet.
1208 3364 1254 3433 qui
1270 3364 1317 3421 eit.
1335 3384 1361 3437 p,

292 3463 387 3517 111027.
423 3439 462 3504 Cf.
489 3444 529 3502 Cl.
546 3442 577 3497 P.
600 3434 650 3497 iau
671 3442 797 3513 limburg
817 3444 956 3516 Brouuer,
979 3439 1076 3499 Proeto
1097 3463 1159 3499 over
1181 3445 1214 3499 de
1238 3446 1363 3516 aedelfile

290 3524 450 3583 schoonheid
464 3524 510 3579 der
525 3524 609 3595 Poeaij
624 3543 673 3578 van
686 3525 816 3593 Homerus
832 3544 858 3595 p.
872 3530 889 3581 8
904 3545 974 3597 seq.;
991 3528 1060 3597 qnod
1081 3526 1272 3595 elegantissime
1299 3546 1364 3582 eon-

293 3608 418 3678 seriptum
436 3626 500 3677 opus
515 3626 596 3679 nuper
610 3608 639 3660 in
658 3606 774 3677 lingnam
791 3607 921 3663 Gallicam
936 3626 1038 3663 versum
1053 3621 1081 3663 et
1097 3609 1131 3666 V.
1149 3607 1189 3665 CL
1206 3610 1237 3663 in
1248 3609 1283 3667 B.
1295 3610 1366 3664 Con-

294 3691 389 3749 stantis
410 3690 442 3745 de
457 3690 540 3749 Iliade
561 3685 588 3747 et
607 3689 721 3762 Odyssea
736 3691 892 3747 senteutiam
904 3690 1117 3752 adnotationibus
1132 3702 1238 3749 anetum
1249 3692 1365 3765 prodiit.

294 3772 390 3834 Leodii
407 3772 475 3843 apud
490 3773 517 3830 J.
535 3772 567 3826 ds
586 3772 876 3833 Sertorius-Delaman,
1174 3826 1177 3837 ,

330 3854 367 3922 2)
387 3854 428 3913 Cf,
446 3874 511 3925 qnae
534 3854 650 3923 disputat
665 3854 696 3912 P.
716 3855 746 3914 F.
762 3858 795 3915 A.
810 3854 902 3912 Nitaclr
918 3856 967 3927 op.
983 3854 1002 3914 l.
1020 3868 1084 3914 tom.
1097 3856 1120 3913 Ι.
1138 3874 1164 3926 p.
1183 3858 1234 3928 647
1249 3874 1322 3927 seqq.
1340 3868 1367 3914 et

300 3937 338 3995 G.
351 3936 404 3995 W.
420 3935 527 3991 Nitzsch
544 3936 706 3995 Erldi'rende
720 3938 843 3995 dumetis.
861 3959 892 3993 an
905 3940 1028 3993 Homer’s
1039 3939 1160 4009 Odyssee.
1177 3938 1269 3992 Erster
1282 3937 1367 3996 Band.

295 4018 334 4157 ¹1¹1:
351 4016 463 4154 ξ-Ν.
479 4018 626 4080 Hannorer.
647 4024 723 4081 1826.
739 4021 844 4080 Proem·
861 4041 886 4096 p.
902 4021 975 4082 x111.
992 4039 1045 4096 aeq·
1065 4032 1092 4076 et
1108 4021 1135 4075 in
1143 4019 1203 4079 adn.
1221 4020 1253 4074 ad
1268 4018 1369 4079 litet.

306 4126 308 4129 .
326 4118 335 4153 ι
364 4140 372 4158 ·
525 4112 533 4140 s
