2800 4767
327 290 498 351 onanrs
532 262 859 345 conspicius.
928 288 931 294 ’
1036 307 1126 352 mn:

145 461 173 529 ς.
192 477 219 527 3.
252 462 293 514 lie
308 460 392 525 melo,
409 453 720 527 μεοόδμῃ,προτόνοις’,
737 454 818 519 velis,
834 451 1049 529 πόσιςὶπινρῦρ,

111 544 249 617 ὑπέροις,
278 544 400 616 σπείροις
425 560 447 599 a.
480 544 572 604 adiere
584 586 593 616 ‚
626 544 782 611 πείσμασι,
813 538 907 605 ὅπλοις
931 544 1005 611 νηῶν
1028 560 1075 601 ct‘
1123 559 1129 578 ·

108 634 294 709 πρυμνηοιοος
296 660 918 689 .......
985 646 1041 697 pag·
1061 648 1119 697 312,

142 722 168 786 5.
187 740 212 789 4.
247 726 289 775 De
305 722 352 785 iis.
368 734 432 785 quae
448 732 579 785 antequam
594 718 657 772 marl
673 712 1056 776 secommlttereat,obseruata
1156 743 1160 754 .

109 820 169 859 esse
190 808 343 867 videantur,
359 818 386 863 et
400 814 521 856 astrorum
539 806 565 855 in
585 789 725 866 navigando
743 802 928 856 observatione,
1015 833 1026 856 .
1057 816 1114 866 ³13·

142 888 168 951 §-
187 903 211 957 5·
247 886 312 940 Cunr
331 887 458 950 feliciter,
478 902 529 951 quo
550 889 703 948 tendebant,
720 880 910 947 pervenimssts
926 880 991 935 Veliss
1010 896 1052 933 80·
1076 920 1081 939 .

109 972 170 1022 lutis
182 982 209 1022 et
221 969 350 1032 collectis,
359 970 449 1019 malum
461 970 486 1019 ln
503 968 652 1035 ἴοτοδόνην
668 965 851 1019 demittebants
868 978 957 1016 navem
971 966 1050 1029 ipsam

53 1062 61 1079 ·
107 1054 248 1125 ὥρμισαν,
269 1052 349 1112 εὐνὰς
365 1052 512 1124 ἐξέβαλον,
526 1070 553 1108 et
579 1050 758 1123 πρυμνησίοις
772 1063 860 1102 navem
886 1045 912 1097 ln
927 1048 1053 1100 litorelit-

107 1148 221 1209 mtbunt.
253 1146 295 1196 De
309 1146 416 1197 vocibus
436 1142 518 1213 ὅρμος
528 1186 538 1213 ‚
549 1142 631 1209 λιμὴν
647 1153 674 1191 et
689 1138 797 1203 λιμένες
820 1130 940 1201 steppo.
1016 1166 1025 1187 .
1046 1142 1115 1197 ‘arm

139 1230 205 1295 ed.
249 1228 301 1281 Ubi
320 1222 454 1283 iu‘eodem
479 1234 537 1285 loco
556 1229 651 1283 diutius
678 1218 855 1278 commoraturi
876 1229 963 1281 crant,
989 1218 1050 1268 sub·
1111 1259 1113 1262 .

106 1312 191 1365 ductis
199 1312 305 1363 navibus
323 1302 431 1379 ἕρματα
449 1316 541 1385 μακρὰ
552 1313 750 1367 ὑπετάνυσονε
766 1320 811 1370 et,
827 1317 879 1368 quo
895 1302 994 1355 facilius
1008 1302 1052 1353 n'a·

107 1410 154 1448 ves
177 1397 348 1449 subducerent
371 1412 401 1451 ac
423 1400 594 1469 deducerent,
623 1402 717 1455 fossam
745 1390 893 1449 fodiebant,
916 1399 965 1450 ‘1¹1²
988 1397 1056 1439 ”M

109 1478 251 1531 traherent.
374 1514 390 1544 .,
483 1519 492 1537 .
589 1520 599 1539 .
697 1514 707 1535 .
742 1504 746 1513 ›
803 1481 830 1525 ·'
909 1501 920 1522 ·
1017 1507 1026 1526 .
1060 1487 1121 1539 315,

141 1564 169 1629 ς.
181 1576 210 1630 7.
243 1562 385 1618 stationem
411 1570 522 1626 relicturi
541 1576 583 1627 vel
605 1574 682 1627 domo
703 1560 841 1633 mofecturl
856 1549 965 1628 ierim
981 1560 1053 1612 tolie·

109 1650 190 1711 bant,
201 1650 227 1700 in
242 1664 309 1702 mare
324 1662 412 1701 navem
423 1653 595 1721 deducebant,
606 1670 688 1711 remos
706 1653 812 1720 κληῖσιν
826 1648 1012 1709 immittebant,
1028 1654 1056 1696 et

107 1745 188 1785 ratem
206 1733 285 1797 ipsam
310 1733 385 1795 iuni
406 1736 435 1787 ἐν
449 1738 531 1807 νοτίῳ
556 1736 685 1809 ὥρμισαν.
731 1743 857 1792 sitiverit
878 1743 969 1782 nivem
988 1726 1054 1778 iliud
1116 1734 1121 1739 “

109 1814 295 1885 subduxerant,
306 1819 388 1881 εὐνάς
404 1824 537 1889 tollebant,
548 1828 694 1879 retinaculis
706 1826 816 1888 solutis,
828 1813 976 1887 norwit?
990 1810 1056 1865 ilv-

110 1914 162 1950 σαν
178 1903 295 1971 maloque
315 1922 401 1964 erecto
414 1906 471 1959 vela
490 1906 632 1973 ulllgabaut.
683 1914 706 1960 ¹.
804 1940 814 1958 .
911 1938 921 1959 .
1018 1936 1028 1954 .
1062 1900 1120 1965 316.

56 1989 133 2055 Caput
149 1992 197 2041 XI.
232 1994 270 2043 De
288 1994 355 2045 urbis
372 1991 463 2053 Troiae
478 1992 526 2044 situ
546 2003 572 2044 et
586 1990 761 2055 munimentis,
779 1992 934 2046 Graecorum
953 1988 1056 2049 nstris,

84 2078 212 2141 tentoria,
229 2079 342 2131 excubiis
360 2090 434 2141 atque
452 2078 660 2140 exploratoribus.
995 2077 997 2082 '

140 2164 206 2221 §.m
242 2164 282 2215 De
302 2164 352 2233 iis,
377 2180 440 2229 quae
462 2162 600 2229 antiquitus
623 2161 728 2227 primam
757 2158 829 2209 urbes
848 2160 980 2213 moenibus
999 2155 1055 2208 muss

111 2244 214 2297 uniendo
227 2258 310 2295 ansam
321 2247 496 2311 praebuerunt.
530 2246 570 2297 De
586 2246 668 2307 vallo,
686 2247 754 2309 quod
770 2248 866 2309 τεῖχος
879 2244 944 2296 dixit
956 2244 1053 2293 Home·

112 2346 174 2395 rus,
191 2328 293 2396 ἀγκῶσι
310 2332 432 2385 distincto
440 2341 483 2393 ‚et
494 2331 623 2391 turribus,
638 2327 730 2393 quibus
745 2328 872 2387 ἐπάλξεις
885 2331 1001 2389 inerant,
1016 2326 1057 2375 in·

112 2430 239 2481 tercepto.
273 2422 303 2470 in
325 2418 386 2471 urbe
405 2416 458 2479 ipss
474 2414 599 2467 eminebat
616 2414 766 2480 Pergamus,
782 2419 858 2481 inque
873 2412 964 2465 ceteris
977 2408 1056 2472 portis

109 2504 221 2572 insignes
244 2518 316 2557 erant
335 2498 423 2568 portae
441 2503 552 2563 Scaeae,
570 2497 660 2563 quibus
677 2499 704 2550 in
720 2515 834 2566 campum
848 2501 966 2565 Troicum
983 2491 1055 2547 etad

115 2585 271 2638 Graecorum
292 2576 589 2648 castraexitus‘patebat.
616 2584 656 2637 De
667 2583 931 2657 mulenbrunnun
940 2582 1000 2645 Ida,
1014 2579 1058 2630 Si·
1144 2576 1146 2580 ’

113 2682 215 2723 moente
241 2682 267 2723 et
278 2671 436 2741 *Scamandro
452 2682 474 2720 s.
491 2664 610 2731 Xantho,
629 2684 735 2735 quorum
746 2678 808 2728 ulter
826 2689 842 2727 a
857 2672 960 2731 dextra,
981 2682 995 2717 a
1014 2666 1051 2718 si·

112 2756 189 2807 misma
207 2765 278 2819 parte
296 2755 360 2805 aiter
380 2764 494 2815 campum
512 2748 648 2812 Troianum
665 2760 772 2823 semna,
793 2757 873 2811 unda's
890 2769 968 2821 prope
988 2768 1056 2806 mere

112 2840 221 2891 miscent
239 2850 267 2890 et
280 2833 405 2887 communi
426 2834 498 2891 alveo
511 2833 537 2884 in
553 2832 743 2899 Hellespontum
763 2831 906 2895 excurrunt.
937 2843 977 2894 De
996 2855 1055 2904 pro.

113 2916 244 2971 montorio
271 2920 390 2969 Rhoeteo
420 2928 446 2967 et
470 2915 562 2981 Sigeo,
588 2912 683 2987 ἓρινεῷ
703 2925 808 2988 aliisque
831 2926 894 2976 locis
918 2924 943 2975 in
960 2924 1056 2977 Troico

113 3014 205 3065 campo
224 2999 327 3062 obviiae
345 2998 435 3064 quibus
448 2998 556 3064 denique
576 3004 607 3057 de
626 3004 778 3062 craecorum
793 3021 820 3062 et
835 3006 999 3068 Troianorum
1017 3008 1057 3059 rel

113 3082 230 3135 militaris
244 3082 349 3135 scientia
362 3087 483 3149 quaedam
504 3088 695 3157 subiunguntur.
757 3096 760 3102 “
800 3121 809 3142 .
890 3122 917 3148 ,.
1014 3123 1025 3145 .
1060 3091 1118 3156 316.

146 3160 172 3223 S.
189 3178 217 3217 r.
251 3164 401 3221 Graecarum
427 3172 527 3224 navium
554 3172 620 3226 inter
644 3176 842 3239 promontorium
863 3178 1005 3230 Rhoeteum
1029 3180 1072 3245 et'

114 3252 217 3317 Sigeum
241 3252 377 3306 subductio
397 3256 543 3319 exponitur.
582 3259 736 3310 limantem
760 3259 931 3330 προκρόσσας
945 3260 1057 3311 colloca·

114 3348 193 3399 tunt,
211 3334 247 3385 ita
267 3343 296 3384 ut
313 3334 339 3385 ln
357 3338 458 3401 spatio,
474 3340 574 3391 navium
593 3340 694 3393 ordines
708 3345 876 3411 intermedio,
893 3345 1000 3398 tentoria
1015 3345 1059 3395 ad·

118 3432 227 3477 autent.
261 3414 331 3484 Quae
345 3417 500 3473 Graecorum
515 3432 595 3474 castra
614 3423 721 3488 primum
742 3430 811 3481 omni
831 3432 970 3483 munitione
988 3444 1060 3482 care·

112 3502 194 3565 bant,
204 3500 301 3562 donec,
311 3499 426 3554 Nestoris
442 3503 555 3569 monitu,
566 3508 633 3560 vello
649 3522 675 3563 et
689 3511 757 3564 fossa
772 3516 853 3567 cincta
867 3525 943 3568 sunta
961 3512 1053 3563 vallum

114 3596 198 3638 autem
228 3584 420 3645 propugnaculis
449 3586 594 3643 muniebant
614 3602 642 3643 et
660 3592 852 3660 intercipiebant
877 3597 999 3650 turribus:
1016 3595 1081 3651 itisr
1119 3616 1129 3634 ε

116 3674 234 3725 iubfflsst
260 3667 361 3733 “iiim
377 3666 553 3738 neafliam,
578 3674 668 3739 qulbus
687 3680 714 3731 in
732 3694 814 3735 turres
831 3680 967 3733 escendere
982 3688 1054 3739 pote·

114 3770 187 3809 tant:
206 3756 299 3827 τάφρῳ
317 3756 453 3818 σνολόποις
468 3762 618 3829 infixerant,
644 3766 761 3833 κρημνοὶ
777 3765 806 3817 δ’
823 3760 973 3834 ἐπηρεφέες
990 3763 1058 3833 περὶ
1095 3813 1098 3817 ,

114 3843 207 3894 πᾶσαν
222 3842 341 3897 iubesne
358 3848 566 3920 ἀμφοτέρωθεν.
698 3886 707 3903 .
804 3887 814 3907 .
910 3883 920 3905 .
1018 3887 1026 3903 .
1062 3868 1119 3916 322.

149 3932 176 4009 §.⁸
192 3950 218 3997 3.
252 3937 292 3985 De
302 3936 442 4003 tentoriis,
458 3954 542 3992 eorum
558 3939 638 3993 forma
652 3946 678 3987 et
694 3938 824 4001 partibus:
843 3951 894 3993 tum
912 3941 942 3992 de
959 3950 1057 4009 περιοι-

118 4016 161 4083 w
176 4035 198 4073 s·
216 4022 323 4083 ῠκοπιῂ,
376 4058 385 4075 ,
484 4056 494 4076 ,
590 4053 600 4070 .
699 4052 708 4071 .
807 4055 815 4075 ,
909 4058 919 4076 ‚
1018 4066 1026 4083 ο
1061 4050 1119 4100 3²5·

148 4101 178 4167 S.
190 4119 215 4169 4.
250 4104 333 4159 Noctu
346 4107 484 4171 excubiae,
496 4116 523 4157 ut
540 4118 554 4157 t
570 4106 687 4167 Graccis,
708 4106 741 4155 ita
751 4118 764 4153 a
775 4104 890 4176 'trojanis
899 4144 910 4176 ,
930 4115 1060 4182 diligenter

669 4185 811 4243 ΗουΕ
934 4232 936 4237 Δ
1075 4198 1120 4251 sse·
