2800 4767
204 272 588 375 anrrourras
634 275 966 365 nonomen
1074 276 1125 360 es

89 512 92 517 ·
155 468 215 557 Ἐν
232 472 338 557 saera
353 485 538 582 γλαφυροῖσι·
561 429 715 576 depaverint
729 486 770 557 ’δὲ
783 485 903 567 ἕκαστος

156 586 278 657 {imbue
296 582 343 665 ἠδ’
357 586 487 677 άὶόχων·
512 581 572 653 w'd'
587 587 719 666 ἀλλήλων
737 587 867 679 dimanet
882 589 912 656 ¹.

111 680 140 778 ξ.
167 705 201 753 a.
243 678 333 754 ·Ubi
361 704 448 753 vero
479 678 707 779 agriculturae
740 678 897 753 studium
924 674 1132 771 invaluerat,
1206 741 1210 747 .
1329 660 1331 664 ¹

71 780 165 852 certis
185 778 330 859 sedibus
357 777 594 851 *consederunt
622 792 659 851 et
682 792 897 869 mercamra,
925 800 988 850 scu
1012 777 1130 878 potius

70 898 209 963 terum,
248 877 375 981 quibus
407 877 645 974 indigebant,
680 876 940 978 permutatione
969 878 1130 975 cognita,

68 1004 140 1050 cum
161 976 254 1067 alia,
280 992 321 1050 ut
345 976 456 1065 solet,
480 975 573 1049 bona
595 982 736 1066 omnia,
768 990 846 1050 tum
873 976 980 1049 etiam
1005 974 1132 1050 civite·

70 1090 136 1166 tes,
159 1076 348 1176 qualescun
399 1102 417 1149 e
452 1075 621 1170 tandem,
647 1077 856 1151 exstiterunt
870 1093 900 1145 ².
947 1073 1006 1149 Ad
1033 1073 1130 1147 hunc

69 1175 131 1247 iere
154 1174 269 1250 cultus
291 1102 436 1273 graddm
462 1175 604 1249 hero'ica
639 1189 751 1249 aetate
781 1174 1034 1264 escenderent,
1057 1199 1130 1274 quo

62 1274 202 1373 quidem
220 1288 381 1375 tempore
399 1298 481 1348 cum
510 1287 705 1349 mercatura
726 1273 875 1347 efflonrit
894 1273 1129 1373 agricultura,

74 1376 108 1443 in
130 1376 232 1473 cujus
259 1400 362 1446 usum
385 1387 477 1447 artes
503 1373 697 1452 nonnullae
729 1374 843 1447 cultae
861 1386 950 1446 'sunt
977 1386 1015 1445 et
1041 1370 1128 1445 eivi-
1244 1451 1247 1461 .

67 1472 137 1545 tatis
165 1474 278 1546 forma
300 1470 473 1573 quaedam
505 1474 671 1546 constitui
694 1473 825 1573 coepit.
873 1474 991 1564 Quam
1011 1471 1132 1546 civita·

66 1580 132 1643 tum
164 1572 314 1646 ibrmam
344 1572 383 1644 in
419 1570 648 1675 sequentibus
688 1572 902 1673 descripturi
930 1571 1130 1645 Homerum

18 1710 19 1715 =
65 1692 173 1770 presse
189 1696 390 1771 sequemur.
1098 1714 1101 1721 ·

112 1769 142 1867 §.
179 1769 214 1841 3.
272 1768 438 1843 Civitates
466 1792 487 1843 e
517 1766 656 1843 familiis
685 1795 835 1845 numero
858 1767 974 1843 auctis
1008 1782 1131 1865 ortam·
1226 1791 1230 1800 '

64 1880 240 1969 postquam
262 1867 505 1959 adoleverant,
531 1870 676 1966 originis
696 1863 804 1944 etiam
818 1882 985 1943 namram
1000 1869 1130 1943 retrde·

64 1980 151 2041 runt.
200 1967 255 2041 Ut
274 1968 442 2067 princeps
465 1966 590 2040 inillis
611 1993 694 2043 cum
713 1968 803 2043 belli
823 1981 900 2040 tum
922 1968 1019 2067 pacis
1036 1979 1129 2041 tem-

65 2088 139 2163 pore
166 2065 282 2138 suerat
306 2065 648 2166 paterfamilias‚'ita
678 2069 719 2141 in
746 2064 804 2140 his'
825 2090 967 2186 qnoque
987 2090 1128 2143 summa

61 2186 162 2260 penos
196 2176 285 2241 natu
310 2169 459 2335 mapores
482 2178 634 2264 potestas
657 2180 755 2259 erat,
783 2193 853 2267 qur
884 2170 1013 2256 βασιὶιῖς
1039 2162 1132 2240 dicti

65 2262 188 2336 civitati
213 2288 294 2335 suae
328 2262 373 2335 be
387 2262 413 2336 li
437 2262 545 2339 duces
572 2280 690 2339 essent
710 2279 747 2339 et
767 2265 916 2365 judiees.
965 2264 1130 2358 Quotci·
1217 2259 1223 2271 ’

64 2361 201 2452 vitates,
229 2374 401 2460 totreges
430 2363 598 2453 inerunt,
623 2368 685 2467 qui
705 2363 834 2439 eodem
854 2388 980 2439 omnes
1001 2365 1041 2438 in
1067 2388 1130 2438 sua

64 2461 200 2631 quispue
228 2461 369 2534 civitate
399 2464 477 2560 jure
500 2461 692 2561 gaudentes
727 2478 764 2537 et
791 2476 963 2565 potestate
990 2461 1130 2537 nemini

63 2582 122 2632 n1s1

64 2671 94 2729 et
111 2658 270 2731 voluntas
291 2662 339 2731 ita
365 2658 549 2754 ferebant,
574 2686 616 2735 ex
644 2661 838 2743 editionem
856 2663 907 2734 ita
924 2685 962 2733 se
981 2659 1128 2734 alterius
1156 2721 1160 2730 ,

62 2758 217 2855 potestati
235 2755 508 2851 submittebant,
529 2772 592 2851 ut,
616 2688 714 2835 bello
730 2762 853 2851 finito,
878 2784 1003 2849 suum,
1029 2756 1127 2861 quod
1162 2760 1190 2790 ·’

62 2858 179 2955 majori
208 2870 246 2929 et
270 2857 463 2957 potentiori
493 2858 541 2931 ad
567 2872 708 2959 tempus
729 2861 823 2934 ultro
841 2870 1043 2949 cesserant,
1067 2860 1127 2957 jus

61 2968 157 3055 atque
182 2956 369 3030 arbitrium
395 2970 555 3031 maneret
579 2959 757 3057 integrum
774 2960 805 3029 5.
855 2956 933 3030 Nec
959 2957 1066 3054 igitur
1082 2955 1129 3029 il·
1193 3033 1198 3042 s

60 3050 199 3127 limitata
230 3054 372 3153 regibus
394 3068 571 3157 potestas,
599 3080 667 3131 nec
693 3055 916 3130 monarchiea
944 3056 1127 3154 regiminis

60 3152 164 3226 forma
191 3153 388 3227 civitatibus
419 3155 499 3230 suit.
531 3158 657 3231 'Mixta
682 3168 776 3246 erat,
806 3152 1013 3230 monarchia
1042 3180 1128 3229 con·

60 3262 166 3344 stans,
192 3252 405 3326 aristocratia
438 3267 475 3326 et
498 3252 712 3329 democratia
727 3256 773 3346 ⁴,
798 3278 948 3354 quarum
964 3255 1126 3329 omnium

62 3362 93 3421 et
111 3349 347 3426 bona‘habuit
366 3366 403 3425 ct
425 3353 526 3430 mala.
578 3355 656 3431 Suis
670 3352 844 3427 limitibus
864 3352 1125 3454 circumscripti

60 3446 193 3523 suerunt
216 3455 371 3543 βασιλεὺς,
395 3456 515 3538 ἄνακτες
542 3466 580 3526 et
607 3459 715 3549 δῆμος,
740 3454 790 3526 ita
806 3463 848 3523 ut
868 3452 998 3551 cuique
1048 3452 1124 3527 uasi

62 3546 170 3623 ordini
204 3574 268 3625 sua
296 3551 503 3629 incivitate
530 3555 611 3657 jura
627 3564 757 3653 tessent
773 3564 811 3625 et
832 3548 960 3627 officia.
1081 3550 1126 3723 iis
1193 3634 1198 3651 ‚

88 3842 115 3911 a)
130 3842 178 3900 Od.
196 3844 247 3915 lx,
267 3847 317 3901 106
325 3860 401 3917 seqq.
478 3844 569 3915 alfii.
585 3844 626 3903 Gi.
642 3845 682 3905 G.·
693 3845 805 3903 tremiti
819 3845 945 3903 'Diauibe
958 3845 987 3900 iu
1002 3844 1123 3909 civitam

19 3982 21 3997 ι
61 3924 180 3995 antiquas,
254 3926 284 3996 3)
302 3926 345 3985 Cf.
363 3926 554 3984 Wachsnuth.
573 3928 627 3999 01³:
636 3928 657 3986 1.
679 3928 732 3985 rol.
747 3927 770 3986 1.
786 3949 812 4001 p.
828 3932 863 4001 95
873 3948 946 4001 seqq.
1028 3927 1059 3996 4)
1077 3928 1120 3998 (ξὶ

18 4074 19 4079 ¹
61 4005 163 4075 θυμοὶ.
180 4007 263 4079 0p.t
280 4016 346 4067 mm.
360 4008 397 4067 11.
414 4020 467 4068 art.
484 4031 508 4084 7.
528 4010 564 4065 dn
583 4022 795 4080 gouvermment.
829 4009 1123 4066 Aristocraticamiuis-

59 4089 298 4153 natatuitbluller.
313 4091 364 4165 Op.
378 4092 398 4151 1.
415 4091 468 4155 rol.
476 4091 527 4149 111.
544 4110 606 4164 pp.
639 4093 683 4155 cf.
699 4092 815 4154 Nitueb.
828 4093 862 4150 ad
877 4091 994 4166 otiu,
1005 4107 1040 4166 14
1048 4108 1121 4166 seqq.

150 2556 270 2659 egibus
280 2559 478 2659 parebant,
503 2588 570 2642 nec
592 2564 661 2637 nisi
677 2563 725 2637 ad
748 2586 998 2651 communem,
1024 2564 1130 2636 sires
1257 2618 1268 2633 ..
