2800 4767
267 249 342 330 aas
543 205 1054 358 aurroirrr‘ns

270 448 420 548 Exque
451 468 575 544 genere
608 469 736 520 novem
776 445 816 518 in
845 445 996 522 Patrocli
1028 464 1159 544 rogum'
1188 445 1326 526 humisit

270 547 424 624 Achilles
442 560 469 618 ¹.
518 543 738 617 Comitantur
763 558 879 617 autern
909 547 980 617 fere
1005 545 1130 618 heroas
1158 545 1327 646 prodeun-

268 660 345 736 tes,
372 643 467 746 quod
485 639 733 743 supra‘alicubi
752 669 810 716 me
831 657 953 718 notare
976 644 1135 720 memini.

319 747 349 844 ξ.
377 749 411 840 4.
470 744 627 844 Aucupio
654 743 779 816 heroes
814 768 959 844 operam
988 743 1125 816 dedisse
1155 744 1329 820 contendit

269 843 471 920 Athenaeus
488 860 526 930 2,
554 843 614 940 qui
640 840 813 915 columbis
841 856 876 913 et
893 842 1007 914 turdis
1035 867 1095 914 eos
1120 843 1207 915 retia
1233 859 1268 916 et
1287 845 1328 916 la·

272 959 379 1044 queos
397 939 605 1030 tetendisse,
633 953 737 1040 atque
759 938 804 1012 ad
816 949 1051 1039 ὀρνεοθηρευτικήν
1064 965 1143 1018 sese
1166 945 1330 1016 exercuis-

200 1077 202 1084 ·
254 1053 310 1115 'se
329 1042 492 1130 allirmat,
518 1038 678 1113 columba
692 1061 745 1110 'ex
769 1041 860 1110 malo
888 1039 989 1134 navis
1012 1041 1168 1112 funiculo
1189 1066 1330 1142 suspen·

274 1165 329 1229 sa,
356 1166 459 1242 quam
480 1141 603 1236 sagitta
630 1137 753 1238 procul
773 1164 857 1210 arcu
885 1141 1009 1211 emissa
1028 1151 1189 1238 peterent
1206 1139 1235 1213 3.
1282 1142 1329 1211 De
1367 1180 1369 1267 ρ

275 1265 345 1338 quo
386 1241 598 1329 certamine,
631 1237 675 1309 ab
707 1235 845 1308 Achille
873 1235 913 1309 in
950 1236 1100 1310 Patrocli
1133 1237 1331 1312 funebribus
1368 1278 1371 1357 ρ

276 1338 394 1422 edito,
421 1339 615 1410 accuratius
636 1337 726 1408 infra
754 1361 919 1430 agemus,
951 1335 1015 1408 ubi
1048 1335 1093 1407 de
1112 1337 1220 1409 uariis
1241 1337 1332 1410 ludo·
1369 1376 1371 1451 ρ

275 1453 366 1508 rum·
377 1435 561 1536 generibus
586 1433 778 1508 dicendum
805 1433 871 1505 erit
886 1434 916 1506 4.
964 1434 1041 1507 Nec
1062 1431 1194 1506 desunt
1217 1436 1278 1536 qui
1294 1445 1332 1507 αἱ·
1370 1462 1371 1467 ’

274 1547 407 1632 maim,
432 1531 586 1607 vultures
604 1533 658 1605 vel
679 1532 811 1634 aquilas
839 1533 993 1606 minores
1009 1533 1047 1625 5,
1071 1533 1110 1606 in
1129 1535 1279 1634 aucupio
1294 1531 1333 1606 ab

225 1683 231 1694 -
278 1633 446 1706 heroibus
476 1631 650 1705 adhibitos
670 1657 744 1704 esse
764 1629 973 1721 statuuntfi,
1010 1657 1097 1732 quos
1120 1630 1165 1704 ad
1180 1657 1260 1704 aves
1276 1635 1335 1706 mi·
1372 1660 1374 1735 ’γ

277 1733 384 1805 nores
402 1729 590 1829 captandas
612 1730 773 1804 consulto
783 1728 1135 1820 emitterentl‘Quod
1147 1729 1333 1827 intelligere
1374 1766 1375 1831 γ

279 1829 349 1903 sibi
373 1829 540 1903 videntur
565 1854 609 1902 ex
636 1831 813 1928 Odysseae
841 1826 947 1898 libro·
967 1831 1133 1927 vigesimo
1157 1831 1332 1917 secundo,
1375 1866 1376 1895 ι

280 1955 352 2028 quo
371 1928 408 2001 in
431 1955 553 2032 procos
574 1929 767 2002 irruentem
793 1953 876 2000 curn
899 1929 1002 2001 sociis
1024 1926 1188 2026 Ulyssem
1211 1929 1259 2002 ita
1282 1928 1334 2000 de·
1376 1964 1377 1979 ι

280 2027 401 2102 scribit
418 2041 562 2104 auctor:
719 2088 722 2097 .
1120 2039 1123 2044 ’

379 2131 420 2198 Οἱ
443 2123 489 2218 δ’,
513 2127 581 2200 ὥστ’
598 2136 717 2226 αἰγυπιοὶ
736 2137 944 2226 γαμψώνυχες,
969 2131 1190 2225 ἀγυιυλοχεῖλαι,

277 2243 282 2252 ’
371 2227 426 2309 Ἐξ
443 2236 525 2324 ὀρέων
551 2231 671 2312 altenag
690 2233 735 2300 ἐπ’
750 2235 886 2322 ὀρνίθεσσι
901 2233 1026 2322 θοριῖισι,

380 2327 438 2396 Tui
457 2336 509 2416 ριέν
529 2320 554 2396 τ’
569 2335 597 2400 έν
618 2330 704 2426 πεδίῳ
720 2345 802 2425 νέφεα
823 2339 1003 2404 πτώσσουσαι
1019 2335 1125 2414 ἵενται,

299 2488 302 2494 .
381 2425 422 2491 Οἱ
438 2425 468 2493 δέ
479 2451 509 2494 τε
529 2431 579 2508 τὰς
596 2431 732 2498 elatarum
748 2432 912 2519 ἐπάλμενοι,
936 2429 997 2498 ον’δέ
1017 2455 1057 2506 τις
1082 2429 1156 2507 ἀλκὴ

382 2521 534 2618 Γίγνεται,
560 2527 619 2595 οὐδὲ
641 2537 734 2620 φυγή·
759 2535 889 2620 χαίρουσι
908 2524 939 2596 δέ
959 2527 985 2602 τ’
1002 2533 1097 2620 ἀνέρες
1117 2518 1193 2618 ἄγρῃ
1210 2535 1244 2589 7·

283 2615 425 2691 Piscatu
443 2645 579 2722 quoque
602 2620 793 2694 delectatos
815 2645 890 2694 esse
904 2621 1016 2720 arguit
1031 2621 1127 2694 idem
1144 2619 1338 2694 Athenaeus

282 2742 326 2792 ex
346 2717 480 2818 Ulyssis
499 2720 622 2811 suciis,
649 2721 710 2822 qui
730 2719 948 2794 venabantur

281 2856 286 2864 ·
383 2819 499 2914 Ἲχθῦς,
523 2817 632 2916 ἔρνιθάς
652 2852 697 2910 τε,
724 2827 807 2919 φίλας
820 2823 863 2915 ’6,
881 2851 910 2893 τι
928 2836 1027 2918 χεῖρας
1042 2827 1168 2911 ἵκοιτο,

388 2923 550 3012 Γναριπτοῖς
569 2929 757 3018 ἀγκίστροισιν
772 2917 801 2991 8.
854 2926 864 2948 '
919 2919 946 2950 ”
1007 2984 1029 3010 „
1157 2919 1163 2928 ⁴

281 3013 341 3091 'Ad
359 3041 465 3119 quern
484 3017 634 3090 locum9
659 3017 1093 3110 rectissime-Eustatlrius,
1118 3019 1204 3102 δῆλον
1220 3017 1267 3107 δὲ,
1291 3013 1340 3086 in·

1024 3127 1027 3132 '
1251 3115 1341 3217 quit,

320 3273 750 3347 1)vit.11.xxl11,175nq.
785 3273 829 3332 Cl.
845 3293 867 3333 ο.
885 3276 917 3332 Ι..
930 3275 954 3333 1.
976 3294 999 3334 c.
1015 3278 1056 3333 ιδ.
1073 3278 1138 3349 §.h
1193 3286 1197 3294 “
1235 3268 1342 3341 atti·

286 3355 445 3426 pag-am
502 3355 873 3426 ,5)Cs.dieut.111.c.1.
892 3362 960 3430 Μ.
1047 3354 1340 3426 atvit.t.1v.c.o.

272 3441 313 3508 ,ξι
331 3441 356 3494 8.
443 3437 474 3508 5)
491 3437 528 3492 Ut
545 3439 624 3494 vertit
636 3439 667 3495 lt.
682 3439 771 3510 Payuc
788 3439 890 3508 Knight
911 3440 1015 3510 Proleg.
1031 3445 1057 3513 ᾗ.
1072 3437 1187 3508 xtvtl,
1205 3455 1231 3510 p.
1244 3440 1287 3494 41.
1301 3432 1341 3507 qul

287 3519 359 3574 inter
376 3530 446 3574 artes
464 3532 491 3576 et
504 3522 640 3586 scientias,
658 3522 685 3574 in
708 3521 823 3591 Odyssea
849 3533 1024 3592 memoratas,
1040 3520 1120 3578 rudes
1135 3520 1222 3573 adhuc
1236 3531 1264 3572 et
1275 3535 1344 3586 agre·

286 3612 358 3671 stes,
376 3613 465 3657 auctas
483 3614 571 3658 tamen
594 3616 622 3659 et
638 3605 747 3674 gradum
771 3605 885 3675 aliquem
906 3602 1211 3676 paulloeminentiorem
1228 3601 1342 3671 adeptas,

285 3682 356 3737 huuc
374 3686 522 3756 aquilarum
543 3689 673 3742 minorum
692 3689 720 3742 in
736 3688 844 3757 aucupio
861 3704 936 3739 usum
954 3687 1063 3755 retulit,
1079 3697 1125 3753 ut,
1141 3684 1211 3754 quod
1229 3681 1343 3748 mireris,

284 3763 395 3819 lliadern
423 3767 544 3840 Odyssea*
562 3770 737 3841 antiquiorem
760 3789 817 3823 esse
839 3769 1063 3839 probarem-quod
1088 3767 1155 3819 mihi
1178 3764 1284 3836 quidem
1298 3780 1342 3814 non

285 3849 415 3918 probavit.
503 3852 533 3920 6)
551 3852 589 3904 Eo
609 3853 773 3920 potissimum
798 3861 949 3918 argumento
974 3850 1034 3919 usi,
1051 3849 1120 3918 quod
1145 3866 1183 3900 vs.
1197 3851 1249 3902 306
1273 3847 1342 3900 ratu

290 3930 375 4001 dicat,
393 3933 520 4001 χαίρουσι
544 3935 577 3984 δέ
591 3937 617 3982 τ’
634 3933 730 4002 dalcae
753 3933 838 4004 ἄγρῃ·
853 3931 1001 3985 rationibus
1017 3943 1119 3999 tamen,
1137 3931 1225 4001 inquit
1239 3930 1297 3982 Erit.
1312 3923 1342 3976 td

289 4009 367 4078 l.l·,
388 4025 419 4066 ut
442 4017 558 4084 opinor,
579 4015 649 4069 haud
676 4017 739 4073 satis
765 4013 882 4068 idoneis:
910 4033 976 4084 quae
998 4025 1025 4068 et
1051 4012 1118 4066 mihi
1140 4023 1195 4066 stat
1215 4006 1340 4064 sententia.

186 4113 196 4134 ι
289 4092 649 4232 assurgamus,
689 4094 1095 4167 -·8)0t.x11,530uqq.
1173 4088 1342 4164 uuam.

287 4193 325 4233 vs.
359 4195 409 4249 29,
461 4198 487 4238 2.
762 4204 765 4209 ·
