2800 4767
371 287 803 371 nonnurcn
1016 240 1117 381 'n

62 504 229 599 acceptam
265 492 422 569 referunt
445 508 473 568 ².
532 492 590 567 Ex
620 491 687 569 hac
723 490 829 591 igitur
869 491 1048 596 'Apollinis
1081 513 1121 577 et

63 594 240 672 Artemidis
263 596 302 668 iu
320 592 519 669 mortalium
536 596 645 668 vitam
664 603 836 693 potestne
852 594 1121 693 explicandum,

63 694 166 796 quod,
191 694 253 793 qui
274 695 448 767 moestitia
466 703 502 763 et
513 690 767 767 calamitatibus
786 692 870 767 victi
886 694 952 767 sibi
972 712 1123 773 mortem

65 806 239 894 exoptant,
254 794 383 868 'aliisve
401 791 481 866 odio
503 792 641 865 incitati
661 791 842 864 interitum
862 793 1123 893 imprecantur,

64 893 218 995 Ipsorum
235 892 405 967 auxilium
424 890 590 992 precibus
613 888 800 993 implorare
819 890 955 966 soleant
969 911 1001 968 ².

446 1182 784 1219 ...ι-*υ-

238 1410 497 1491 CAPUT
564 1348 943 1489 TERTIUM.

221 1626 272 1673 DE
296 1622 420 1673 tocts
444 1622 595 1676 stolus
620 1622 673 1672 ΕΤ
696 1624 977 1677 stnunscnts.

110 1860 142 1947 ᾖ.
171 1862 203 1925 ι’.
252 1810 346 1927 Uti
374 1848 436 1949 pio
455 1846 550 1923 Deos
584 1848 685 1923 cultu
712 1862 1027 1953 prosequerentur,
1052 1850 1133 1932 loca

70 1951 243 2051 aprolano
267 1977 335 2025 usu
360 1960 515 2049 separata
541 1946 667 2047 primis
703 1954 774 2049 jam
803 1949 1023 2050 temporibus
1052 1953 1133 2052 eligi

72 2063 296 2151 coeptasunt,
321 2072 411 2150 quae
433 2071 499 2149 pro
514 2047 609 2119 vario
628 2048 787 2147 ipsorum
801 2046 989 2123 homiuum
1011 2050 1135 2145 cultu,
1163 2063 1166 2068 '

70 2151 153 2223 ritae
171 2151 306 2223 ratione
319 2162 423 2247 atque
435 2144 593 2237 aedium,
618 2143 796 2247 inquibus
818 2146 888 2248 ipsi
902 2144 1135 2245 habitabunt,

70 2249 204 2342 forme,
219 2247 357 2323 diversa
379 2245 491 2327 etiam,
503 2244 658 2321 suerunt.
707 2245 883 2319 Altiorum
903 2260 1022 2320 autem
1040 2248 1136 2323 loco·

70 2372 161 2440 rum,
198 2349 378 2437 montium,
404 2344 632 2445 praesertim,
657 2340 947 2418 inhabitationem
973 2344 1138 2422 adamare

71 2446 172 2537 Deos,
198 2472 241 2519 ex
266 2442 462 2519 eorundem
476 2444 653 2543 superiore
673 2445 867 2517 amantium
885 2456 1010 2517 natura
1025 2446 1139 2550 conji-

71 2545 201 2619 ciebant
211 2604 223 2637 ,¹
246 2571 317 2646 quo
348 2544 499 2633 facturn,
523 2554 565 2613 ut
590 2540 675 2615 dein
692 2543 755 2639 qui
786 2538 891 2615 urbes
911 2541 1138 2639 habitabant,

74 2670 124 2716 eas
145 2646 249 2717 etiam
263 2640 469 2717 numinibus
487 2653 731 2713 consecrarent
744 2638 882 2713 sedium
902 2667 1045 2715 suarum
1056 2670 1139 2743 par-

73 2755 137 2833 tes,
160 2770 249 2844 quae
280 2742 405 2815 ceteris
423 2740 633 2813 eminerent.
687 2738 835 2811 Homeri
857 2753 969 2813 aetate
996 2742 1142 2816 Graecis

75 2842 134 2915 trie
153 2842 375 2943 potissimum
403 2836 482 2913 loca
509 2850 609 2909 erant
639 2833 760 2922 cultui,
777 2835 898 2914 divino
918 2854 1141 2933 consecrata,

77 2938 116 3012 de
140 2941 268 3044 quibus
284 2937 473 3013 videamus.
727 3009 730 3016 ,

117 3041 147 3137 §.
174 3066 209 3115 2.
259 3034 420 3133 Primum
443 3047 558 3111 certae
579 3059 739 3132 agrorum
765 3032 942 3134 portiones
964 3035 1042 3109 Diis
1061 3036 1141 3109 fue·

75 3152 151 3237 runt
168 3140 320 3233 dicatae,
346 3163 434 3239 quae
453 3146 573 3231 τεμένη,
600 3134 699 3233 quasi
722 3145 901 3229 τετμημένα,
921 3132 967 3209 ab
984 3136 1142 3209 Homero

78 3232 259 3331 dicuntur,
293 3237 473 3311 communi
496 3258 564 3307 usu
595 3246 773 3326 exemtus,
805 3260 864 3305 ara
888 3234 962 3307 sere
985 3236 1142 3333 insignes

77 3348 108 3407 et
132 3351 233 3438 septo
261 3334 434 3436 etreliqua
462 3332 534 3433 agri
554 3346 653 3431 parte
685 3345 860 3430 separatae
876 3333 906 3406 5.
956 3333 1040 3406 Tele
1072 3331 1144 3406 De-

76 3440 191 3513 metris
214 3461 325 3537 prope
352 3434 528 3534 Phylacen
565 3440 674 3522 τέμενος
707 3430 774 3503 suit
788 3430 829 3501 4:
867 3431 931 3503 Zel
961 3433 1001 3504 in
1023 3447 1144 3504 monte

78 3532 137 3609 lde
151 3536 169 3590 ⁵
180 3562 189 3608 :
218 3530 434 3635 Aphrodites
462 3529 611 3632 Paphi⁶
642 3544 679 3602 et
697 3528 858 3629 Sperchii
881 3528 978 3604 fluvii
998 3529 1045 3603 ed
1064 3532 1144 3605 son·

489 3650 492 3657 ’
538 3664 542 3673 ·
693 3642 715 3673 ’·
1092 3642 1145 3702 tes

112 3791 140 3861 ι)
157 3792 349 3867 0d.x1x,86.
364 3790 422 3849 XXI
433 3835 440 3863 ‚
452 3811 494 3865 71·
513 3802 540 3849 et
552 3808 619 3863 quae
635 3788 712 3861 plura
725 3788 790 3843 citat
807 3785 911 3842 Nitzscb
926 3786 960 3840 ad
970 3785 1058 3844 011.ss
1064 3829 1073 3858 ,
1084 3789 1146 3861 395.

86 3884 110 3926 et
122 3874 180 3947 111,
196 3898 255 3951 ²79·
322 3878 351 3947 2)
371 3876 432 3931 llil.
450 3874 497 3931 Ol.
516 3873 604 3945 XVII,
618 3876 665 3929 251
676 3873 748 3942 ,494.
763 3870 823 3944 XX,
839 3873 883 3925 80.
900 3868 975 3923 alibi.
1041 3870 1071 3940 5)
1092 3876 1148 3927 Τρ-

88 3956 148 4025 elec
161 3960 280 4015 universe
293 3972 385 4015 notant
399 3959 479 4016 etiem
496 3954 629 4027 quaelibet
646 3954 705 4009 loca
721 3952 854 4007 communi
867 3969 916 4005 usu
932 3965 1052 4025 executa,
1068 3964 1148 4025 atque

87 4032 157 4109 Diis,
176 4041 297 4114 regibus,
320 4042 443 4097 heroibus
467 4039 575 4093 honoris
598 4054 657 4105 crgo
679 4044 838 4091 consecrata.
872 4032 935 4107 tid.
952 4034 1039 4094 schol,
1057 4036 1090 4091 ad
1111 4035 1147 4092 ss,

88 4116 125 4189 Π,
142 4125 199 4193 696.
239 4124 281 4182 Cl.
304 4125 376 4181 idem
394 4122 427 4177 acl
448 4121 483 4179 11.
497 4116 602 4185 xlm,
619 4120 670 4173 550
695 4130 722 4172 et
743 4114 890 4191 Hesychius
906 4118 934 4172 iu
951 4135 977 4192 v,
1062 4117 1093 4188 4)
1110 4111 1146 4175 ΙΙ,

87 4197 124 4273 11.
140 4206 198 4276 ⁶96·
286 4208 317 4280 5)
335 4210 368 4268 11.
386 4204 461 4277 vm,
476 4206 520 4265 tc.
621 4198 651 4274 c)
669 4196 719 4259 or.
735 4198 818 4271 rur,
834 4200 894 4259 ecs.
