2800 4767
327 248 329 258 ·
394 229 831 317 nounuren
1048 233 1122 317 sn
1231 157 1278 285 ·3

114 441 144 542 ξ.
170 436 210 515 6.
235 433 343 514 ‚Non
361 429 481 514 verbis
501 429 608 525 solls,
634 431 696 510 sed
717 459 781 510 suo
798 432 948 510 maxime
968 438 1130 539 exemplo

65 536 173 614 duces
191 537 362 614 militibus
380 536 514 612 animos
533 562 572 611 ac
590 535 697 611 robur
717 531 906 610 addebant.
942 533 1157 632 Praeibanti.

67 642 167 715 enirn
185 639 275 737 ipsi:
1127 647 1148 682 ·‘

166 744 248 810 Ant·
264 727 376 824 ἕπονθ’,
399 741 516 808 ὡσείτε
538 741 718 830 perd-errice
732 736 832 809 ἕσπετο
854 737 934 829 μῆλα
1078 791 1081 797 »
1110 794 1114 801 .

164 833 281 929 Πίομεν’
297 843 329 906 ἐκ
355 839 491 923 dardos·
515 846 632 930 γάνυται
657 832 687 905 δ’
703 836 766 931 ἄρα
783 865 814 908 τε
832 846 923 933 φρένας
934 847 1037 930 ποιμήν
1044 816 1086 913 ,Ῑζ

67 932 259 1008 Missilibus
291 932 444 1032 quippe,
468 928 596 1032 quibus
616 930 751 1006 bostem
773 932 966 1024 lacessant,
996 945 1130 1029 tumme

68 1033 194 1137 jactis,
231 1030 433 1132 principes,
459 1037 617 1126 ἀριστῆες,
656 1031 763 1131 primi
794 1030 924 1132 ubique
953 1031 1128 1132 proelium

67 1137 204 1208 ineunt.
254 1127 453 1230 Aliquando
469 1128 508 1201 in
529 1129 642 1230 prima‘
655 1129 728 1202 acie
747 1128 884 1204 adstant
898 1148 938 1221 ²,
957 1144 997 1203 ut
1018 1135 1130 1207 curri·

66 1231 133 1305 bus
150 1228 282 1304 invecti
298 1226 334 1318 ⁵,
358 1224 409 1325 ἀφ’
428 1237 543 1317 ἳππων,
560 1229 597 1301 in
613 1226 776 1331 peditum
791 1228 982 1305 hostilium
988 1229 1132 1306 ordines

65 1331 200 1404 irruant
224 1348 351 1428 cosque
380 1341 624 1427 perrumpant.
684 1308 881 1430 Aliquando
917 1329 1043 1402 ordine
1074 1351 1131 1403 re·

64 1429 152 1504 licto
187 1440 266 1500 ante
292 1447 392 1500 suam
418 1425 565 1526 quisque
600 1437 754 1500 turmam
786 1441 968 1502 versantur
994 1442 1030 1499 et
1059 1441 1131 1528 opt·

64 1558 154 1624 μαχοι
177 1534 413 1618 concurrunt,
438 1533 493 1596 sos
516 1532 824 1625 crobpooyrqbpag,
849 1541 890 1599 ut
923 1530 974 1600 ait
996 1527 1130 1600 Home·

63 1653 126 1702 rus
141 1625 183 1719 ⁴,
209 1623 337 1713 idest,
364 1621 544 1698 intervallo
576 1626 670 1698 inter
694 1639 881 1728 utramque
916 1625 1028 1700 aciem
1055 1635 1129 1698 me'·

64 1727 148 1818 dio,
185 1731 221 1802 roi
249 1725 359 1819 μεταξὺ
386 1731 573 1817 corporeos
601 1728 782 1820 dracro'pnra
796 1725 826 1799 ⁶.
876 1725 971 1798 Hinc
999 1725 1061 1814 fit,
1085 1741 1128 1800 ut
1181 1816 1184 1820 .
1237 1808 1240 1819 ¹
1323 1746 1331 1756 ‘

63 1823 253 1901 adversarii
272 1820 547 1920 anteproelium
566 1824 737 1922 singulare
754 1824 925 1921 (πρόμαχοι)
948 1843 1127 1898 sermones

52 1927 157 1998 :inter
176 1948 213 1997 se
234 1918 421 2020 aliquando
442 1918 571 1994 babere
600 1927 737 2022 possint
759 1923 897 2023 sibique
915 1935 1039 1996 mutuo
1058 1943 1127 2022 op·
1224 1926 1228 1932 '

62 2023 221 2124 probriis
251 2016 423 2094 insultent
439 2019 470 2093 6.
528 2021 599 2112 Qui
628 2022 902 2122 promachorum
935 2040 1125 2120 procursus
1218 2026 1221 2035 ’

61 2137 100 2196 et
130 2139 310 2208 sermones
354 2114 481 2190 ansam
506 2116 603 2192 baud
627 2143 709 2196 raro
744 2119 985 2219 praebuerunt
1012 2133 1127 2192 certa·

59 2221 149 2295 mini
168 2213 355 2314 singulari,
378 2229 560 2312 μονομαχίᾳζ
583 2243 655 2318 quo
681 2220 806 2292 heroes
834 2241 880 2290 ex
906 2216 1024 2291 hostili
1054 2219 1127 2291 acie

60 2319 293 2396 fortissimum
322 2315 494 2418 quemque
525 2319 565 2388 in
587 2342 742 2416 pugnam
773 2343 895 2396 secum
931 2317 1124 2391 ineundam

59 2417 269 2522 poscebant.
318 2411 426 2508 Quod
459 2415 633 2504 uideret,
670 2417 868 2490 hincinde
909 2419 1030 2516 copiae
1060 2441 1125 2488 sno

60 2540 221 2620 quaeque
249 2513 325 2586 loco
354 2515 517 2586 immotae
547 2516 795 2590 consistebant.
843 2515 901 2589 Ab
926 2521 1003 2614 ejus
1033 2515 1126 2598 scili·

61 2635 120 2692 cet
136 2622 309 2712 μοιομαχιῆις
329 2623 453 2683 eventu
477 2615 583 2684 totius
603 2615 737 2712 proelii·
756 2616 894 2686 fortuna
921 2612 1136 2712 pendebat,

56 2721 107 2792 ita
124 2730 183 2805 ut,
210 2715 312 2806 cujus
335 2711 443 2809 partis
470 2714 679 2808 promachus
707 2739 727 2784 e
748 2712 913 2809 singulari
932 2714 1145 2801 certamine·
1188 2802 1194 2814 ι
1247 2755 1250 2758 ·

57 2819 172 2890 victor
202 2809 386 2898 rediisset,
410 2811 569 2909 superior
584 2813 890 2910 pronuntiaretur.
940 2810 1043 2882 Dicta
1059 2833 1123 2882 en-

57 2911 177 3014 emplo
216 2907 440 2981 illustremus.
496 2909 614 3000 Quum
642 2913 677 2981 in
708 2935 750 2980 eo
780 2921 881 2981 erant
903 2909 1049 3000 Achivi,
1082 2923 1124 2982 nt

58 3040 144 3088 oum
164 3006 325 3108 Troianis
348 3031 470 3078 manus
486 3023 731 3095 consererent,
1100 3023 1103 3027 ·

157 3116 272 3209 Τρωσὶν
290 3111 344 3200 μὲν
362 3109 536 3204 πρσμιὶχιζεν
554 3105 736 3206 Ἀὶὲξανδρος
757 3112 896 3201 θεοεισᾟς,

14 3225 95 3294 'et

52 3470 56 3486 ⁹
91 3499 129 3576 ι)
145 3461 187 3558 ¹rr
203 3499 293 3573 xm,
320 3503 368 3571 491
394 3483 446 3570 seq.
468 3493 523 3556 'ct
549 3501 606 3572 ιιι,
625 3505 666 3560 ιι.
701 3500 759 3574 rv,
783 3503 853 3574 aer,
875 3503 935 3558 aaa
972 3465 1125 3576 arrato
1176 3461 1184 3477 ’

54 3603 132 3656 seqq.
149 3584 187 3643 al.
290 3581 319 3651 a)
338 3581 397 3640 Vid.
427 3578 459 3638 ll.
480 3578 538 3652 lv,
562 3577 622 3642 305.
649 3584 700 3654 Xl,
718 3607 765 3658 7¹¹
784 3605 855 3658 seqq.
896 3586 938 3642 Cl.
959 3587 1030 3642 dicta
1053 3587 1080 3644 b.
1096 3606 1124 3644 c.

51 3675 78 3743 ᾗ,
95 3690 123 3724 2.
222 3661 253 3733 5)
270 3663 292 3718 E
308 3665 401 3736 quibus
419 3676 505 3718 tamen
524 3667 681 3722 descendunt
697 3668 743 3723 ubi
765 3669 793 3722 in
813 3668 869 3722 loro
889 3667 979 3738 iniquo
999 3687 1022 3724 s.
1038 3667 1126 3739 impe-

52 3751 111 3804 dito
132 3747 295 3822 pugnandum
314 3762 370 3816 est,
387 3747 506 3803 curribus
529 3749 557 3804 in
581 3762 696 3804 extrema
720 3753 776 3805 acie
801 3750 901 3805 relictis
917 3763 948 3804 ut
970 3749 1123 3821 Itx1,s7
1207 3807 1213 3825 .

48 3852 125 3903 seqq.
160 3831 253 3886 Nullus
267 3831 336 3882 enim
354 3842 457 3898 poterat
472 3849 526 3884 esse
543 3851 666 3886 curruum
687 3851 750 3886 usus
765 3833 817 3887 uisi
837 3834 865 3886 iu
877 3832 976 3902 campis
995 3831 1081 3900 planis
1095 3843 1125 3886 et

49 3913 153 3986 aequb.
188 3909 627 3982 Vit.ll.t'111,106.x11,66·
700 3913 1039 3984 '4tvirt1tv111',378,
1057 3915 1121 3986 549.

47 3997 110 4067 lv,
135 3999 195 4069 571.
229 3996 366 4068 xtdeo.
390 3996 425 4050 al.
494 4046 497 4056 ,
540 3997 570 4064 5)
594 3995 693 4066 luterp.
719 3997 840 4055 Eustath.
870 3996 905 4050 ad
928 3994 1120 4069 uxrem.

47 4081 79 4152 6)
100 4078 164 4140 vit.
180 4080 212 4139 ll.
228 4079 267 4133 Vl
277 4084 352 4153 ,2122
368 4096 439 4148 seqq.
456 4076 527 4148 Vll,
544 4079 593 4134 225
611 4096 682 4148 seqq.
698 4082 734 4138 al.
1131 4102 1134 4106 ⁴
