<?xml version="1.0" encoding="UTF-8"?>
<!DOCTYPE html PUBLIC "-//W3C//DTD XHTML 1.0 Transitional//EN"
    "http://www.w3.org/TR/xhtml1/DTD/xhtml1-transitional.dtd">
<html xmlns="http://www.w3.org/1999/xhtml" xml:lang="en" lang="en">
 <head>
  <title>
</title>
<meta http-equiv="Content-Type" content="text/html;charset=utf-8" />
  <meta name='ocr-system' content='tesseract 3.04.00' />
  <meta name='ocr-capabilities' content='ocr_page ocr_carea ocr_par ocr_line ocrx_word'/>
</head>
<body>
  <div class='ocr_page' id='page_1' title='image "./antiquitashomer01terpgoog_0018.png"; bbox 0 0 2800 4767; ppageno 0'>
   <div class='ocr_carea' id='block_1_1' title="bbox 250 246 1055 390">
    <p class='ocr_par' dir='ltr' id='par_1_1' title="bbox 250 246 1055 390">
     <span class='ocr_line' id='line_1_1' title="bbox 250 246 1055 390; baseline 0 -43"><span class='ocrx_word' id='word_1_1' title='bbox 250 266 307 347; x_wconf 62' lang='lat' dir='ltr'>nr</span> <span class='ocrx_word' id='word_1_2' title='bbox 549 246 1055 390; x_wconf 69' lang='lat' dir='ltr'>Prooemium.</span> 
     </span>
    </p>
   </div>
   <div class='ocr_carea' id='block_1_2' title="bbox 153 452 1327 4006">
    <p class='ocr_par' dir='ltr' id='par_1_2' title="bbox 153 452 1327 4006">
     <span class='ocr_line' id='line_1_2' title="bbox 233 452 1323 565; baseline -0.008 -18"><span class='ocrx_word' id='word_1_3' title='bbox 233 498 237 505; x_wconf 92' lang='lat'>·</span> <span class='ocrx_word' id='word_1_4' title='bbox 259 486 434 547; x_wconf 84' lang='lat' dir='ltr'>naturam.</span> <span class='ocrx_word' id='word_1_5' title='bbox 486 464 558 541; x_wconf 66' lang='lat' dir='ltr'>‘Sed</span> <span class='ocrx_word' id='word_1_6' title='bbox 577 452 645 540; x_wconf 88' lang='lat' dir='ltr'>nec</span> <span class='ocrx_word' id='word_1_7' title='bbox 672 460 853 553; x_wconf 82' lang='lat' dir='ltr'>Feithius,</span> <span class='ocrx_word' id='word_1_8' title='bbox 879 469 919 535; x_wconf 91' lang='lat' dir='ltr'>ut</span> <span class='ocrx_word' id='word_1_9' title='bbox 942 453 1123 565; x_wconf 85' lang='lat' dir='ltr'>suspicor,</span> <span class='ocrx_word' id='word_1_10' title='bbox 1145 457 1237 541; x_wconf 87' lang='lat' dir='ltr'>illud</span> <span class='ocrx_word' id='word_1_11' title='bbox 1260 483 1323 543; x_wconf 60' lang='lat' dir='ltr'>voi</span> 
     </span>
     <span class='ocr_line' id='line_1_3' title="bbox 243 580 1324 689; baseline -0.003 -25"><span class='ocrx_word' id='word_1_12' title='bbox 243 590 344 680; x_wconf 89' lang='lat' dir='ltr'>luit,</span> <span class='ocrx_word' id='word_1_13' title='bbox 371 610 486 689; x_wconf 87' lang='lat' dir='ltr'>neque</span> <span class='ocrx_word' id='word_1_14' title='bbox 513 610 575 683; x_wconf 83' lang='lat' dir='ltr'>ego</span> <span class='ocrx_word' id='word_1_15' title='bbox 599 596 693 659; x_wconf 86' lang='lat' dir='ltr'>certe</span> <span class='ocrx_word' id='word_1_16' title='bbox 723 581 886 682; x_wconf 83' lang='lat' dir='ltr'>cogitavi.</span> <span class='ocrx_word' id='word_1_17' title='bbox 942 580 978 655; x_wconf 87' lang='lat' dir='ltr'>Sl</span> <span class='ocrx_word' id='word_1_18' title='bbox 1002 606 1092 684; x_wconf 90' lang='lat' dir='ltr'>quae</span> <span class='ocrx_word' id='word_1_19' title='bbox 1120 583 1212 678; x_wconf 88' lang='lat' dir='ltr'>alia,</span> <span class='ocrx_word' id='word_1_20' title='bbox 1236 582 1324 663; x_wconf 88' lang='lat' dir='ltr'>haee</span> 
     </span>
     <span class='ocr_line' id='line_1_4' title="bbox 256 693 1322 811; baseline -0.003 -28"><span class='ocrx_word' id='word_1_21' title='bbox 256 700 417 811; x_wconf 40' lang='lat' dir='ltr'>‘prolecto</span> <span class='ocrx_word' id='word_1_22' title='bbox 437 705 581 780; x_wconf 88' lang='lat' dir='ltr'>scientia</span> <span class='ocrx_word' id='word_1_23' title='bbox 601 717 697 777; x_wconf 84' lang='lat' dir='ltr'>certa</span> <span class='ocrx_word' id='word_1_24' title='bbox 716 714 752 775; x_wconf 90' lang='lat' dir='ltr'>et</span> <span class='ocrx_word' id='word_1_25' title='bbox 769 710 952 790; x_wconf 88' lang='lat' dir='ltr'>accurata,</span> <span class='ocrx_word' id='word_1_26' title='bbox 974 693 1012 771; x_wconf 89' lang='lat' dir='ltr'>id</span> <span class='ocrx_word' id='word_1_27' title='bbox 1031 712 1103 793; x_wconf 87' lang='lat' dir='ltr'>est,</span> <span class='ocrx_word' id='word_1_28' title='bbox 1127 704 1322 780; x_wconf 85' lang='lat' dir='ltr'>efoutihus</span> 
     </span>
     <span class='ocr_line' id='line_1_5' title="bbox 259 817 1323 927; baseline -0.005 -25"><span class='ocrx_word' id='word_1_29' title='bbox 259 827 350 927; x_wconf 82' lang='lat' dir='ltr'>ipsis</span> <span class='ocrx_word' id='word_1_30' title='bbox 366 838 460 899; x_wconf 87' lang='lat' dir='ltr'>recte</span> <span class='ocrx_word' id='word_1_31' title='bbox 479 823 584 897; x_wconf 91' lang='lat' dir='ltr'>ducta</span> <span class='ocrx_word' id='word_1_32' title='bbox 600 848 674 895; x_wconf 90' lang='lat' dir='ltr'>esse</span> <span class='ocrx_word' id='word_1_33' title='bbox 693 818 812 895; x_wconf 83' lang='lat' dir='ltr'>dehet.</span> <span class='ocrx_word' id='word_1_34' title='bbox 859 817 1114 917; x_wconf 74' lang='lat' dir='ltr'>Antiquitateu&#39;r</span> <span class='ocrx_word' id='word_1_35' title='bbox 1134 846 1232 895; x_wconf 89' lang='lat' dir='ltr'>mere</span> <span class='ocrx_word' id='word_1_36' title='bbox 1251 822 1323 897; x_wconf 89' lang='lat' dir='ltr'>Ho-</span> 
     </span>
     <span class='ocr_line' id='line_1_6' title="bbox 227 934 1321 1043; baseline -0.003 -24"><span class='ocrx_word' id='word_1_37' title='bbox 227 952 232 961; x_wconf 82' lang='lat'>&#39;</span> <span class='ocrx_word' id='word_1_38' title='bbox 258 948 428 1019; x_wconf 88' lang='lat' dir='ltr'>mericam</span> <span class='ocrx_word' id='word_1_39' title='bbox 452 954 627 1043; x_wconf 72' lang='lat' dir='ltr'>exponere</span> <span class='ocrx_word' id='word_1_40' title='bbox 648 938 717 1013; x_wconf 85' lang='lat' dir='ltr'>fert</span> <span class='ocrx_word' id='word_1_41' title='bbox 742 938 899 1028; x_wconf 79' lang='lat' dir='ltr'>animus,</span> <span class='ocrx_word' id='word_1_42' title='bbox 923 934 1056 1029; x_wconf 86' lang='lat' dir='ltr'>idest,</span> <span class='ocrx_word' id='word_1_43' title='bbox 1087 962 1167 1012; x_wconf 89' lang='lat' dir='ltr'>eam</span> <span class='ocrx_word' id='word_1_44' title='bbox 1186 938 1321 1015; x_wconf 84' lang='lat' dir='ltr'>heroici</span> 
     </span>
     <span class='ocr_line' id='line_1_7' title="bbox 261 1053 1322 1161; baseline -0.003 -23"><span class='ocrx_word' id='word_1_45' title='bbox 261 1064 336 1139; x_wconf 74' lang='lat' dir='ltr'>aevi</span> <span class='ocrx_word' id='word_1_46' title='bbox 366 1063 553 1161; x_wconf 73' lang='lat' dir='ltr'>imaginem</span> <span class='ocrx_word' id='word_1_47' title='bbox 576 1054 770 1149; x_wconf 73' lang='lat' dir='ltr'>delineare,</span> <span class='ocrx_word' id='word_1_48' title='bbox 804 1083 872 1160; x_wconf 91' lang='lat' dir='ltr'>qua</span> <span class='ocrx_word' id='word_1_49' title='bbox 896 1053 994 1131; x_wconf 90' lang='lat' dir='ltr'>illins</span> <span class='ocrx_word' id='word_1_50' title='bbox 1014 1056 1136 1129; x_wconf 89' lang='lat' dir='ltr'>aetatis</span> <span class='ocrx_word' id='word_1_51' title='bbox 1159 1058 1322 1136; x_wconf 85' lang='lat' dir='ltr'>instituta</span> 
     </span>
     <span class='ocr_line' id='line_1_8' title="bbox 257 1172 1325 1271; baseline -0.002 -16"><span class='ocrx_word' id='word_1_52' title='bbox 257 1198 340 1255; x_wconf 87' lang='lat' dir='ltr'>cum</span> <span class='ocrx_word' id='word_1_53' title='bbox 361 1204 459 1255; x_wconf 90' lang='lat' dir='ltr'>sacra</span> <span class='ocrx_word' id='word_1_54' title='bbox 480 1192 558 1253; x_wconf 89' lang='lat' dir='ltr'>tum</span> <span class='ocrx_word' id='word_1_55' title='bbox 582 1176 696 1271; x_wconf 82' lang='lat' dir='ltr'>civilia</span> <span class='ocrx_word' id='word_1_56' title='bbox 723 1172 988 1270; x_wconf 69' lang='lat' dir='ltr'>describantur,</span> <span class='ocrx_word' id='word_1_57' title='bbox 1012 1186 1049 1247; x_wconf 93' lang='lat' dir='ltr'>et</span> <span class='ocrx_word' id='word_1_58' title='bbox 1069 1174 1218 1249; x_wconf 85' lang='lat' dir='ltr'>heroum</span> <span class='ocrx_word' id='word_1_59' title='bbox 1246 1201 1325 1253; x_wconf 88' lang='lat' dir='ltr'>mo-</span> 
     </span>
     <span class='ocr_line' id='line_1_9' title="bbox 229 1291 1318 1392; baseline -0.006 -19"><span class='ocrx_word' id='word_1_60' title='bbox 229 1303 234 1311; x_wconf 88' lang='lat'>&#39;</span> <span class='ocrx_word' id='word_1_61' title='bbox 255 1316 332 1389; x_wconf 83' lang='lat' dir='ltr'>res,</span> <span class='ocrx_word' id='word_1_62' title='bbox 355 1298 446 1374; x_wconf 80' lang='lat' dir='ltr'>vitae</span> <span class='ocrx_word' id='word_1_63' title='bbox 468 1298 577 1392; x_wconf 88' lang='lat' dir='ltr'>ratio,</span> <span class='ocrx_word' id='word_1_64' title='bbox 601 1308 693 1371; x_wconf 84' lang='lat' dir='ltr'>artes</span> <span class='ocrx_word' id='word_1_65' title='bbox 712 1301 748 1368; x_wconf 90' lang='lat' dir='ltr'>et</span> <span class='ocrx_word' id='word_1_66' title='bbox 769 1308 884 1371; x_wconf 88' lang='lat' dir='ltr'>cetera</span> <span class='ocrx_word' id='word_1_67' title='bbox 905 1291 1161 1369; x_wconf 74' lang='lat' dir='ltr'>adtimbrentur</span> <span class='ocrx_word' id='word_1_68' title='bbox 1178 1296 1318 1387; x_wconf 85' lang='lat' dir='ltr'>omnia,</span> 
     </span>
     <span class='ocr_line' id='line_1_10' title="bbox 224 1407 1314 1519; baseline -0.005 -28"><span class='ocrx_word' id='word_1_69' title='bbox 224 1418 226 1421; x_wconf 77' lang='grc'><strong>’</strong></span> <span class='ocrx_word' id='word_1_70' title='bbox 255 1440 345 1516; x_wconf 88' lang='lat' dir='ltr'>quae</span> <span class='ocrx_word' id='word_1_71' title='bbox 367 1442 411 1491; x_wconf 87' lang='lat' dir='ltr'>ex</span> <span class='ocrx_word' id='word_1_72' title='bbox 433 1416 511 1519; x_wconf 94' lang='lat' dir='ltr'>ipso</span> <span class='ocrx_word' id='word_1_73' title='bbox 530 1427 568 1491; x_wconf 89' lang='lat' dir='ltr'>et</span> <span class='ocrx_word' id='word_1_74' title='bbox 590 1440 662 1489; x_wconf 92' lang='lat' dir='ltr'>uno</span> <span class='ocrx_word' id='word_1_75' title='bbox 686 1413 860 1504; x_wconf 85' lang='lat' dir='ltr'>Homero,</span> <span class='ocrx_word' id='word_1_76' title='bbox 882 1410 980 1503; x_wconf 74' lang='lat' dir='ltr'>velut</span> <span class='ocrx_word' id='word_1_77' title='bbox 1001 1438 1043 1487; x_wconf 86' lang='lat' dir='ltr'>ex</span> <span class='ocrx_word' id='word_1_78' title='bbox 1068 1407 1314 1513; x_wconf 88' lang='lat' dir='ltr'>limpidissimo</span> 
     </span>
     <span class='ocr_line' id='line_1_11' title="bbox 256 1530 1322 1633; baseline -0.005 -25"><span class='ocrx_word' id='word_1_79' title='bbox 256 1534 372 1629; x_wconf 79' lang='lat' dir='ltr'>fonte,</span> <span class='ocrx_word' id='word_1_80' title='bbox 397 1534 539 1625; x_wconf 91' lang='lat' dir='ltr'>hausta,</span> <span class='ocrx_word' id='word_1_81' title='bbox 563 1530 608 1633; x_wconf 85' lang='lat' dir='ltr'>ad</span> <span class='ocrx_word' id='word_1_82' title='bbox 626 1558 749 1609; x_wconf 90' lang='lat' dir='ltr'>eorum</span> <span class='ocrx_word' id='word_1_83' title='bbox 767 1544 966 1632; x_wconf 91' lang='lat' dir='ltr'>temporum</span> <span class='ocrx_word' id='word_1_84' title='bbox 988 1532 1241 1631; x_wconf 88' lang='lat' dir='ltr'>hominumque</span> <span class='ocrx_word' id='word_1_85' title='bbox 1264 1556 1322 1604; x_wconf 93' lang='lat' dir='ltr'>co·</span> 
     </span>
     <span class='ocr_line' id='line_1_12' title="bbox 228 1648 1322 1755; baseline -0.006 -26"><span class='ocrx_word' id='word_1_86' title='bbox 228 1662 231 1669; x_wconf 83' lang='grc'><strong>“</strong></span> <span class='ocrx_word' id='word_1_87' title='bbox 257 1653 452 1752; x_wconf 81' lang='lat' dir='ltr'>guitiouem</span> <span class='ocrx_word' id='word_1_88' title='bbox 471 1652 634 1729; x_wconf 77' lang='lat' dir='ltr'>valeant:</span> <span class='ocrx_word' id='word_1_89' title='bbox 657 1680 727 1755; x_wconf 89' lang='lat' dir='ltr'>qua</span> <span class='ocrx_word' id='word_1_90' title='bbox 743 1649 888 1755; x_wconf 87' lang='lat' dir='ltr'>quidem</span> <span class='ocrx_word' id='word_1_91' title='bbox 909 1651 1108 1749; x_wconf 81' lang='lat' dir='ltr'>cognitione</span> <span class='ocrx_word' id='word_1_92' title='bbox 1129 1648 1222 1722; x_wconf 89' lang='lat' dir='ltr'>nihil</span> <span class='ocrx_word' id='word_1_93' title='bbox 1239 1674 1322 1723; x_wconf 92' lang='lat' dir='ltr'>cum</span> 
     </span>
     <span class='ocr_line' id='line_1_13' title="bbox 193 1764 1322 1873; baseline 0 -30"><span class='ocrx_word' id='word_1_94' title='bbox 193 1838 195 1843; x_wconf 87' lang='lat'>.</span> <span class='ocrx_word' id='word_1_95' title='bbox 227 1782 232 1791; x_wconf 90' lang='lat'>&#39;</span> <span class='ocrx_word' id='word_1_96' title='bbox 259 1770 306 1845; x_wconf 87' lang='lat' dir='ltr'>ad</span> <span class='ocrx_word' id='word_1_97' title='bbox 324 1772 509 1847; x_wconf 78' lang='lat' dir='ltr'>utilitatem</span> <span class='ocrx_word' id='word_1_98' title='bbox 527 1772 757 1873; x_wconf 85' lang='lat' dir='ltr'>praestantius</span> <span class='ocrx_word' id='word_1_99' title='bbox 777 1784 856 1844; x_wconf 91' lang='lat' dir='ltr'>tum</span> <span class='ocrx_word' id='word_1_100' title='bbox 876 1764 923 1844; x_wconf 92' lang='lat' dir='ltr'>ad</span> <span class='ocrx_word' id='word_1_101' title='bbox 943 1768 1157 1871; x_wconf 71' lang='lat' dir='ltr'>voluptatem</span> <span class='ocrx_word' id='word_1_102' title='bbox 1183 1771 1322 1845; x_wconf 77' lang='lat' dir='ltr'>suavius</span> 
     </span>
     <span class='ocr_line' id='line_1_14' title="bbox 226 1887 1324 1992; baseline 0.002 -32"><span class='ocrx_word' id='word_1_103' title='bbox 226 1900 231 1909; x_wconf 90' lang='lat'>&#39;</span> <span class='ocrx_word' id='word_1_104' title='bbox 257 1914 332 1962; x_wconf 86' lang='lat' dir='ltr'>esse</span> <span class='ocrx_word' id='word_1_105' title='bbox 350 1900 483 1992; x_wconf 89' lang='lat' dir='ltr'>potest.</span> <span class='ocrx_word' id='word_1_106' title='bbox 529 1894 627 1985; x_wconf 88' lang='lat' dir='ltr'>Quae</span> <span class='ocrx_word' id='word_1_107' title='bbox 644 1918 729 1967; x_wconf 91' lang='lat' dir='ltr'>cum</span> <span class='ocrx_word' id='word_1_108' title='bbox 745 1888 847 1982; x_wconf 88' lang='lat' dir='ltr'>dico,</span> <span class='ocrx_word' id='word_1_109' title='bbox 869 1911 943 1962; x_wconf 90' lang='lat' dir='ltr'>non</span> <span class='ocrx_word' id='word_1_110' title='bbox 964 1912 1084 1960; x_wconf 90' lang='lat' dir='ltr'>omnes</span> <span class='ocrx_word' id='word_1_111' title='bbox 1102 1887 1186 1960; x_wconf 86' lang='lat' dir='ltr'>alios</span> <span class='ocrx_word' id='word_1_112' title='bbox 1205 1902 1324 1962; x_wconf 88' lang='lat' dir='ltr'>aucto·</span> 
     </span>
     <span class='ocr_line' id='line_1_15' title="bbox 206 1996 1327 2109; baseline 0 -30"><span class='ocrx_word' id='word_1_113' title='bbox 206 2003 210 2013; x_wconf 68' lang='lat'><em>&#39;</em></span> <span class='ocrx_word' id='word_1_114' title='bbox 244 2008 314 2081; x_wconf 82' lang='lat' dir='ltr'>¹res</span> <span class='ocrx_word' id='word_1_115' title='bbox 338 2004 514 2109; x_wconf 83' lang='lat' dir='ltr'>neglectos</span> <span class='ocrx_word' id='word_1_116' title='bbox 541 1998 642 2085; x_wconf 84' lang='lat' dir='ltr'>volo:</span> <span class='ocrx_word' id='word_1_117' title='bbox 661 2008 741 2085; x_wconf 75' lang='lat' dir='ltr'>&#39;sed</span> <span class='ocrx_word' id='word_1_118' title='bbox 766 2010 805 2085; x_wconf 88' lang='lat' dir='ltr'>in</span> <span class='ocrx_word' id='word_1_119' title='bbox 828 2004 1017 2081; x_wconf 89' lang='lat' dir='ltr'>Homerica</span> <span class='ocrx_word' id='word_1_120' title='bbox 1046 2007 1250 2109; x_wconf 86' lang='lat' dir='ltr'>antiquitate</span> <span class='ocrx_word' id='word_1_121' title='bbox 1280 1996 1327 2080; x_wconf 87' lang='lat' dir='ltr'>iis</span> 
     </span>
     <span class='ocr_line' id='line_1_16' title="bbox 167 2121 1322 2229; baseline -0.002 -29"><span class='ocrx_word' id='word_1_122' title='bbox 167 2225 169 2229; x_wconf 79' lang='lat'>.</span> <span class='ocrx_word' id='word_1_123' title='bbox 200 2152 207 2156; x_wconf 89' lang='lat'>·</span> <span class='ocrx_word' id='word_1_124' title='bbox 256 2149 329 2200; x_wconf 89' lang='lat' dir='ltr'>non</span> <span class='ocrx_word' id='word_1_125' title='bbox 350 2127 416 2217; x_wconf 88' lang='lat' dir='ltr'>nisi</span> <span class='ocrx_word' id='word_1_126' title='bbox 444 2152 522 2203; x_wconf 86' lang='lat' dir='ltr'>raro</span> <span class='ocrx_word' id='word_1_127' title='bbox 547 2126 741 2218; x_wconf 88' lang='lat' dir='ltr'>utendum,</span> <span class='ocrx_word' id='word_1_128' title='bbox 774 2139 810 2202; x_wconf 90' lang='lat' dir='ltr'>et</span> <span class='ocrx_word' id='word_1_129' title='bbox 835 2121 913 2202; x_wconf 93' lang='lat' dir='ltr'>illos</span> <span class='ocrx_word' id='word_1_130' title='bbox 933 2136 1070 2200; x_wconf 87' lang='lat' dir='ltr'>tantum</span> <span class='ocrx_word' id='word_1_131' title='bbox 1094 2150 1137 2199; x_wconf 89' lang='lat' dir='ltr'>ex</span> <span class='ocrx_word' id='word_1_132' title='bbox 1161 2126 1204 2200; x_wconf 90' lang='lat' dir='ltr'>iis</span> <span class='ocrx_word' id='word_1_133' title='bbox 1226 2124 1322 2200; x_wconf 86' lang='lat' dir='ltr'>locos</span> 
     </span>
     <span class='ocr_line' id='line_1_17' title="bbox 153 2227 1323 2349; baseline 0 -32"><span class='ocrx_word' id='word_1_134' title='bbox 153 2288 157 2301; x_wconf 86' lang='lat'>·</span> <span class='ocrx_word' id='word_1_135' title='bbox 258 2244 479 2345; x_wconf 88' lang='lat' dir='ltr'>usurpandos</span> <span class='ocrx_word' id='word_1_136' title='bbox 505 2272 581 2321; x_wconf 89' lang='lat' dir='ltr'>esse</span> <span class='ocrx_word' id='word_1_137' title='bbox 609 2245 808 2338; x_wconf 83' lang='lat' dir='ltr'>contendo,</span> <span class='ocrx_word' id='word_1_138' title='bbox 842 2227 970 2349; x_wconf 82' lang='lat' dir='ltr'>quibus</span> <span class='ocrx_word' id='word_1_139' title='bbox 991 2244 1036 2319; x_wconf 93' lang='lat' dir='ltr'>de</span> <span class='ocrx_word' id='word_1_140' title='bbox 1062 2244 1212 2320; x_wconf 81' lang='lat' dir='ltr'>heroicis</span> <span class='ocrx_word' id='word_1_141' title='bbox 1232 2256 1323 2317; x_wconf 87' lang='lat' dir='ltr'>tem·</span> 
     </span>
     <span class='ocr_line' id='line_1_18' title="bbox 258 2361 1323 2468; baseline 0 -32"><span class='ocrx_word' id='word_1_142' title='bbox 258 2361 403 2463; x_wconf 88' lang='lat' dir='ltr'>poribus</span> <span class='ocrx_word' id='word_1_143' title='bbox 425 2363 557 2468; x_wconf 89' lang='lat' dir='ltr'>aliquid</span> <span class='ocrx_word' id='word_1_144' title='bbox 580 2365 771 2440; x_wconf 89' lang='lat' dir='ltr'>memoriae</span> <span class='ocrx_word' id='word_1_145' title='bbox 792 2363 1045 2468; x_wconf 86' lang='lat' dir='ltr'>prodiderunt,</span> <span class='ocrx_word' id='word_1_146' title='bbox 1071 2365 1111 2438; x_wconf 79' lang='lat' dir='ltr'>u&#39;t</span> <span class='ocrx_word' id='word_1_147' title='bbox 1133 2379 1175 2438; x_wconf 84' lang='lat' dir='ltr'>ex</span> <span class='ocrx_word' id='word_1_148' title='bbox 1199 2380 1323 2436; x_wconf 85' lang='lat' dir='ltr'>eorum</span> 
     </span>
     <span class='ocr_line' id='line_1_19' title="bbox 258 2478 1325 2586; baseline 0.001 -32"><span class='ocrx_word' id='word_1_149' title='bbox 258 2484 483 2577; x_wconf 78' lang='lat' dir='ltr'>auctoritate,</span> <span class='ocrx_word' id='word_1_150' title='bbox 509 2504 597 2586; x_wconf 84' lang='lat' dir='ltr'>quae</span> <span class='ocrx_word' id='word_1_151' title='bbox 628 2478 776 2558; x_wconf 83' lang='lat' dir='ltr'>Homeri</span> <span class='ocrx_word' id='word_1_152' title='bbox 797 2481 1005 2557; x_wconf 83' lang='lat' dir='ltr'>testimoniis</span> <span class='ocrx_word' id='word_1_153' title='bbox 1032 2481 1153 2557; x_wconf 81' lang='lat' dir='ltr'>innixa</span> <span class='ocrx_word' id='word_1_154' title='bbox 1178 2484 1243 2573; x_wconf 90' lang='lat' dir='ltr'>sit,</span> <span class='ocrx_word' id='word_1_155' title='bbox 1269 2482 1325 2555; x_wconf 91' lang='lat' dir='ltr'>in·</span> 
     </span>
     <span class='ocr_line' id='line_1_20' title="bbox 227 2600 1322 2713; baseline 0.002 -41"><span class='ocrx_word' id='word_1_156' title='bbox 227 2604 515 2701; x_wconf 85' lang='lat' dir='ltr'>&#39;terpretationis</span> <span class='ocrx_word' id='word_1_157' title='bbox 543 2610 680 2677; x_wconf 86' lang='lat' dir='ltr'>nostrae</span> <span class='ocrx_word' id='word_1_158' title='bbox 706 2600 919 2705; x_wconf 85' lang='lat' dir='ltr'>praesidium</span> <span class='ocrx_word' id='word_1_159' title='bbox 948 2614 1028 2689; x_wconf 89' lang='lat' dir='ltr'>tuto</span> <span class='ocrx_word' id='word_1_160' title='bbox 1053 2616 1174 2713; x_wconf 81' lang='lat' dir='ltr'>petere</span> <span class='ocrx_word' id='word_1_161' title='bbox 1204 2600 1322 2674; x_wconf 85' lang='lat' dir='ltr'>liceat.</span> 
     </span>
     <span class='ocr_line' id='line_1_21' title="bbox 237 2718 1321 2823; baseline 0.003 -34"><span class='ocrx_word' id='word_1_162' title='bbox 237 2718 299 2790; x_wconf 76' lang='lat' dir='ltr'>&#39;ln</span> <span class='ocrx_word' id='word_1_163' title='bbox 330 2742 453 2794; x_wconf 89' lang='lat' dir='ltr'>eorum</span> <span class='ocrx_word' id='word_1_164' title='bbox 483 2746 631 2794; x_wconf 89' lang='lat' dir='ltr'>numero</span> <span class='ocrx_word' id='word_1_165' title='bbox 655 2720 834 2823; x_wconf 87' lang='lat' dir='ltr'>principes</span> <span class='ocrx_word' id='word_1_166' title='bbox 861 2734 945 2794; x_wconf 86' lang='lat' dir='ltr'>sunt</span> <span class='ocrx_word' id='word_1_167' title='bbox 970 2733 1130 2793; x_wconf 86' lang='lat' dir='ltr'>auctores</span> <span class='ocrx_word' id='word_1_168' title='bbox 1158 2730 1194 2790; x_wconf 89' lang='lat' dir='ltr'>et</span> <span class='ocrx_word' id='word_1_169' title='bbox 1227 2718 1321 2792; x_wconf 87' lang='lat' dir='ltr'>anti·</span> 
     </span>
     <span class='ocr_line' id='line_1_22' title="bbox 256 2835 1319 2941; baseline 0.004 -33"><span class='ocrx_word' id='word_1_170' title='bbox 256 2835 397 2937; x_wconf 84' lang='lat' dir='ltr'>quiores</span> <span class='ocrx_word' id='word_1_171' title='bbox 420 2850 456 2911; x_wconf 90' lang='lat' dir='ltr'>et</span> <span class='ocrx_word' id='word_1_172' title='bbox 483 2840 712 2933; x_wconf 80' lang='lat' dir='ltr'>recentiores,</span> <span class='ocrx_word' id='word_1_173' title='bbox 737 2838 800 2941; x_wconf 93' lang='lat' dir='ltr'>qui</span> <span class='ocrx_word' id='word_1_174' title='bbox 822 2836 964 2935; x_wconf 88' lang='lat' dir='ltr'>seriptis</span> <span class='ocrx_word' id='word_1_175' title='bbox 992 2838 1065 2911; x_wconf 90' lang='lat' dir='ltr'>suis</span> <span class='ocrx_word' id='word_1_176' title='bbox 1091 2838 1221 2911; x_wconf 70' lang='lat' dir='ltr'>Poetae</span> <span class='ocrx_word' id='word_1_177' title='bbox 1242 2864 1319 2912; x_wconf 91' lang='lat' dir='ltr'>car·</span> 
     </span>
     <span class='ocr_line' id='line_1_23' title="bbox 257 2953 1321 3042; baseline -0.001 -12"><span class='ocrx_word' id='word_1_178' title='bbox 257 2958 354 3031; x_wconf 91' lang='lat' dir='ltr'>mina</span> <span class='ocrx_word' id='word_1_179' title='bbox 383 2954 625 3034; x_wconf 82' lang='lat' dir='ltr'>illustrarunt:</span> <span class='ocrx_word' id='word_1_180' title='bbox 661 2972 739 3042; x_wconf 84' lang='lat' dir='ltr'>tum</span> <span class='ocrx_word' id='word_1_181' title='bbox 774 2953 989 3030; x_wconf 87' lang='lat' dir='ltr'>celebriores</span> <span class='ocrx_word' id='word_1_182' title='bbox 1023 2956 1255 3030; x_wconf 88' lang='lat' dir='ltr'>Grammatici</span> <span class='ocrx_word' id='word_1_183' title='bbox 1284 2970 1321 3029; x_wconf 85' lang='lat' dir='ltr'>et</span> 
     </span>
     <span class='ocr_line' id='line_1_24' title="bbox 258 3070 1324 3178; baseline 0.002 -32"><span class='ocrx_word' id='word_1_184' title='bbox 258 3074 413 3175; x_wconf 87' lang='lat' dir='ltr'>optimae</span> <span class='ocrx_word' id='word_1_185' title='bbox 450 3082 556 3151; x_wconf 86' lang='lat' dir='ltr'>notae·</span> <span class='ocrx_word' id='word_1_186' title='bbox 585 3070 862 3177; x_wconf 75' lang='lat' dir='ltr'>Lexioographia</span> <span class='ocrx_word' id='word_1_187' title='bbox 896 3098 1019 3148; x_wconf 90' lang='lat' dir='ltr'>omnes</span> <span class='ocrx_word' id='word_1_188' title='bbox 1051 3070 1226 3175; x_wconf 87' lang='lat' dir='ltr'>denique,</span> <span class='ocrx_word' id='word_1_189' title='bbox 1250 3074 1324 3178; x_wconf 69' lang='lat' dir='ltr'>,qui</span> 
     </span>
     <span class='ocr_line' id='line_1_25' title="bbox 256 3182 1322 3299; baseline 0.004 -34"><span class='ocrx_word' id='word_1_190' title='bbox 256 3188 315 3265; x_wconf 73' lang='lat' dir='ltr'>ael</span> <span class='ocrx_word' id='word_1_191' title='bbox 348 3191 427 3266; x_wconf 89' lang='lat' dir='ltr'>data</span> <span class='ocrx_word' id='word_1_192' title='bbox 453 3216 559 3294; x_wconf 84' lang='lat' dir='ltr'>opera</span> <span class='ocrx_word' id='word_1_193' title='bbox 586 3182 795 3269; x_wconf 79' lang='lat' dir='ltr'>Homericae</span> <span class='ocrx_word' id='word_1_194' title='bbox 825 3189 1039 3293; x_wconf 87' lang='lat' dir='ltr'>antiquitatis</span> <span class='ocrx_word' id='word_1_195' title='bbox 1069 3194 1184 3294; x_wconf 88' lang='lat' dir='ltr'>capita</span> <span class='ocrx_word' id='word_1_196' title='bbox 1213 3216 1322 3299; x_wconf 88' lang='lat' dir='ltr'>quae·</span> 
     </span>
     <span class='ocr_line' id='line_1_26' title="bbox 258 3299 1322 3413; baseline 0.004 -32"><span class='ocrx_word' id='word_1_197' title='bbox 258 3306 341 3382; x_wconf 93' lang='lat' dir='ltr'>dam</span> <span class='ocrx_word' id='word_1_198' title='bbox 362 3307 623 3413; x_wconf 81' lang='lat' dir='ltr'>explicuerunt,</span> <span class='ocrx_word' id='word_1_199' title='bbox 648 3299 764 3389; x_wconf 79' lang='lat' dir='ltr'>rolin</span> <span class='ocrx_word' id='word_1_200' title='bbox 783 3310 1001 3385; x_wconf 85' lang='lat' dir='ltr'>Graecorum</span> <span class='ocrx_word' id='word_1_201' title='bbox 1021 3311 1179 3387; x_wconf 88' lang='lat' dir='ltr'>moribus</span> <span class='ocrx_word' id='word_1_202' title='bbox 1205 3325 1242 3387; x_wconf 88' lang='lat' dir='ltr'>et</span> <span class='ocrx_word' id='word_1_203' title='bbox 1268 3314 1322 3386; x_wconf 86' lang='lat' dir='ltr'>irt-</span> 
     </span>
     <span class='ocr_line' id='line_1_27' title="bbox 259 3427 1323 3531; baseline 0.006 -32"><span class='ocrx_word' id='word_1_204' title='bbox 259 3427 409 3520; x_wconf 79' lang='lat' dir='ltr'>stitutis,</span> <span class='ocrx_word' id='word_1_205' title='bbox 436 3452 517 3503; x_wconf 87' lang='lat' dir='ltr'>cum</span> <span class='ocrx_word' id='word_1_206' title='bbox 539 3432 690 3531; x_wconf 86' lang='lat' dir='ltr'>puhlicis</span> <span class='ocrx_word' id='word_1_207' title='bbox 711 3447 789 3504; x_wconf 89' lang='lat' dir='ltr'>tum</span> <span class='ocrx_word' id='word_1_208' title='bbox 810 3431 972 3531; x_wconf 79' lang='lat' dir='ltr'>privatis,</span> <span class='ocrx_word' id='word_1_209' title='bbox 997 3431 1158 3505; x_wconf 82' lang='lat' dir='ltr'>universe</span> <span class='ocrx_word' id='word_1_210' title='bbox 1181 3427 1323 3505; x_wconf 78' lang='lat' dir='ltr'>&#39;traden-</span> 
     </span>
     <span class='ocr_line' id='line_1_28' title="bbox 212 3537 1323 3652; baseline 0.004 -36"><span class='ocrx_word' id='word_1_211' title='bbox 212 3562 215 3567; x_wconf 77' lang='grc'>’</span> <span class='ocrx_word' id='word_1_212' title='bbox 247 3544 335 3635; x_wconf 84' lang='lat' dir='ltr'>¹dis,</span> <span class='ocrx_word' id='word_1_213' title='bbox 355 3546 493 3622; x_wconf 90' lang='lat' dir='ltr'>heroica</span> <span class='ocrx_word' id='word_1_214' title='bbox 514 3548 599 3623; x_wconf 88' lang='lat' dir='ltr'>item</span> <span class='ocrx_word' id='word_1_215' title='bbox 620 3564 779 3652; x_wconf 86' lang='lat' dir='ltr'>tempora</span> <span class='ocrx_word' id='word_1_216' title='bbox 798 3550 1006 3648; x_wconf 85' lang='lat' dir='ltr'>attigerunt,</span> <span class='ocrx_word' id='word_1_217' title='bbox 1031 3548 1087 3623; x_wconf 82' lang='lat' dir='ltr'>vel</span> <span class='ocrx_word' id='word_1_218' title='bbox 1102 3550 1247 3640; x_wconf 87' lang='lat' dir='ltr'>artium,</span> <span class='ocrx_word' id='word_1_219' title='bbox 1270 3537 1323 3621; x_wconf 86' lang='lat' dir='ltr'>le·</span> 
     </span>
     <span class='ocr_line' id='line_1_29' title="bbox 259 3667 1322 3772; baseline 0.004 -37"><span class='ocrx_word' id='word_1_220' title='bbox 259 3686 342 3761; x_wconf 80' lang='lat' dir='ltr'>gum</span> <span class='ocrx_word' id='word_1_221' title='bbox 361 3679 399 3738; x_wconf 93' lang='lat' dir='ltr'>et</span> <span class='ocrx_word' id='word_1_222' title='bbox 421 3667 646 3741; x_wconf 82' lang='lat' dir='ltr'>scientiarum</span> <span class='ocrx_word' id='word_1_223' title='bbox 669 3669 841 3768; x_wconf 81' lang='lat' dir='ltr'>originem</span> <span class='ocrx_word' id='word_1_224' title='bbox 866 3682 901 3741; x_wconf 89' lang='lat' dir='ltr'>et</span> <span class='ocrx_word' id='word_1_225' title='bbox 920 3691 1122 3772; x_wconf 83' lang='lat' dir='ltr'>progressus</span> <span class='ocrx_word' id='word_1_226' title='bbox 1145 3667 1322 3743; x_wconf 85' lang='lat' dir='ltr'>tradentes</span> 
     </span>
     <span class='ocr_line' id='line_1_30' title="bbox 232 3778 1321 3889; baseline 0.006 -37"><span class='ocrx_word' id='word_1_227' title='bbox 232 3778 445 3875; x_wconf 21' lang='lat' dir='ltr'>‘Homerica</span> <span class='ocrx_word' id='word_1_228' title='bbox 472 3783 690 3887; x_wconf 83' lang='lat' dir='ltr'>capitulatim</span> <span class='ocrx_word' id='word_1_229' title='bbox 717 3788 893 3889; x_wconf 88' lang='lat' dir='ltr'>persecuti</span> <span class='ocrx_word' id='word_1_230' title='bbox 921 3798 1017 3860; x_wconf 87' lang='lat' dir='ltr'>sunt.</span> <span class='ocrx_word' id='word_1_231' title='bbox 1076 3787 1174 3879; x_wconf 88' lang='lat' dir='ltr'>Quos</span> <span class='ocrx_word' id='word_1_232' title='bbox 1200 3809 1321 3859; x_wconf 86' lang='lat' dir='ltr'>omnes</span> 
     </span>
     <span class='ocr_line' id='line_1_31' title="bbox 231 3897 1319 4006; baseline 0.005 -34"><span class='ocrx_word' id='word_1_233' title='bbox 231 3978 237 3989; x_wconf 59' lang='lat'>‚</span> <span class='ocrx_word' id='word_1_234' title='bbox 257 3897 318 3973; x_wconf 88' lang='lat' dir='ltr'>hic</span> <span class='ocrx_word' id='word_1_235' title='bbox 335 3926 535 3995; x_wconf 84' lang='lat' dir='ltr'>recensere,</span> <span class='ocrx_word' id='word_1_236' title='bbox 557 3905 762 4005; x_wconf 85' lang='lat' dir='ltr'>praesertim</span> <span class='ocrx_word' id='word_1_237' title='bbox 779 3930 862 3979; x_wconf 87' lang='lat' dir='ltr'>oum</span> <span class='ocrx_word' id='word_1_238' title='bbox 882 3904 1016 4003; x_wconf 82' lang='lat' dir='ltr'>inipso</span> <span class='ocrx_word' id='word_1_239' title='bbox 1037 3900 1105 3977; x_wconf 91' lang='lat' dir='ltr'>hoc</span> <span class='ocrx_word' id='word_1_240' title='bbox 1123 3928 1229 4006; x_wconf 90' lang='lat' dir='ltr'>opere</span> <span class='ocrx_word' id='word_1_241' title='bbox 1247 3905 1319 3977; x_wconf 86' lang='lat' dir='ltr'>suis</span> 
     </span>
    </p>
   </div>
   <div class='ocr_carea' id='block_1_3' title="bbox 259 4017 1322 4212">
    <p class='ocr_par' dir='ltr' id='par_1_3' title="bbox 259 4017 1322 4212">
     <span class='ocr_line' id='line_1_32' title="bbox 259 4017 1319 4127; baseline 0.004 -38"><span class='ocrx_word' id='word_1_242' title='bbox 259 4017 414 4119; x_wconf 79' lang='lat' dir='ltr'>singulos</span> <span class='ocrx_word' id='word_1_243' title='bbox 437 4021 521 4097; x_wconf 88' lang='lat' dir='ltr'>locis</span> <span class='ocrx_word' id='word_1_244' title='bbox 550 4023 794 4116; x_wconf 77' lang='lat' dir='ltr'>citaverimus,</span> <span class='ocrx_word' id='word_1_245' title='bbox 819 4019 984 4123; x_wconf 84' lang='lat' dir='ltr'>putidum</span> <span class='ocrx_word' id='word_1_246' title='bbox 1008 4036 1044 4095; x_wconf 89' lang='lat' dir='ltr'>et</span> <span class='ocrx_word' id='word_1_247' title='bbox 1062 4023 1224 4127; x_wconf 87' lang='lat' dir='ltr'>ineptum</span> <span class='ocrx_word' id='word_1_248' title='bbox 1247 4024 1319 4096; x_wconf 83' lang='lat' dir='ltr'>iore</span> 
     </span>
     <span class='ocr_line' id='line_1_33' title="bbox 1257 4139 1322 4212; baseline -0.015 0"><span class='ocrx_word' id='word_1_249' title='bbox 1257 4139 1322 4212; x_wconf 91' lang='lat' dir='ltr'>du·</span> 
     </span>
    </p>
   </div>
   <div class='ocr_carea' id='block_1_4' title="bbox 0 0 1406 4767">
    <p class='ocr_par' dir='ltr' id='par_1_4' title="bbox 0 0 1406 4767">
     <span class='ocr_line' id='line_1_34' title="bbox 0 0 1406 4767; baseline 0 0"><span class='ocrx_word' id='word_1_250' title='bbox 0 0 1406 4767; x_wconf 95' lang='lat' dir='ltr'> </span> 
     </span>
    </p>
   </div>
  </div>
 </body>
</html>
