2800 4767
274 292 318 366 16
555 286 1076 381 ANTIQUITAS

290 486 472 589 lerumque
504 483 725 563 administrat
741 504 778 578 ²,
802 487 852 563 ita
871 500 912 561 ut
930 486 1003 565 hoc:
1028 484 1167 564 tantam
1184 496 1339 585 nomine

260 513 409 661 liomeri
434 596 546 658 aetate
566 582 873 687 sacerdotiolimgi
895 585 966 660 dici
988 589 1097 689 possit
1112 594 1143 661 ²5

310 685 340 784 ξ.
366 710 402 761 2.
450 682 586 776 Quibus
604 707 691 758 vcro
707 682 794 759 locis
820 684 952 787 templa
975 686 1014 758 in
1042 688 1199 760 Deorum
1220 687 1339 765 hono-

259 810 337 858 rem
359 794 552 874 exstructa,
582 780 639 858 vel
651 788 745 856 ἄλσεα
765 797 801 857 et
814 798 913 879 τεμένη
936 797 1138 859 consecrata
1159 786 1336 881 suerunt,

259 880 388 958 iisdem
411 879 607 955 sacerdotes
632 879 806 974 aderant,
830 884 891 984 qui
914 897 972 955 'res
1008 883 1141 959 divinas
1165 883 1335 981 obirent,

287 1006 351 1054 uos
368 977 474 1053 modo
497 999 631 1075 μαντετς,
654 978 761 1053 modo
784 992 896 1078 ἱερῆας,
922 979 1004 1056 alibi
1024 980 1125 1058 aliter
1148 1001 1338 1085 nuncupat

143 1108 146 1113 ’
259 1009 461 1168 demeres,
480 1079 624 1154 nomine
647 1103 667 1148 a
690 1076 837 1155 definita
855 1081 1013 1181 ipsorum
1028 1080 1138 1155 'officii
1154 1095 1254 1183 parte
1269 1084 1339 1159 de·

260 1192 387 1255 sumto.
437 1177 543 1269 Ἱερῆας
566 1188 738 1279 qnatenus
764 1203 890 1253 omnes
911 1204 1086 1252 sacrarum
1112 1204 1231 1253 rerum
1247 1198 1337 1257 sunt

289 1277 449 1377 anticipes
466 1276 503 1348 ³:
541 1295 674 1371 μαντεῒς,
709 1278 840 1379 qnippe
870 1277 931 1379 qui
947 1278 1073 1379 singuli
1091 1279 1248 1352 Deorum
1268 1307 1336 1356 vo·

257 1305 429 1453 lirntatem
455 1372 694 1475 adsequuntur
713 1389 749 1447 et
776 1378 891 1449 futura
909 1377 1139 1477 praevident,
1164 1402 1255 1477 quae
1275 1404 1336 1452 ea·

259 1490 363 1551 tenus
381 1502 400 1547 a
415 1473 491 1547 Diis
505 1475 573 1575 ipsi
595 1474 768 1575 accepisse
784 1475 952 1549 dicuntur
967 1476 996 1548 4.
1036 1473 1193 1573 ’Δρητῆρες
1208 1476 1336 1551 5n'un·

258 1586 451 1674 cupantpr‚
476 1585 666 1687 quatenus,
694 1599 783 1673 quae
809 1573 868 1647 alii
893 1600 914 1646 a
936 1574 1014 1647 Diis
1046 1574 1118 1648 sibi
1139 1586 1334 1676 exoptant,

257 1676 328 1778 ipsi
355 1698 436 1746 cum
463 1670 519 1743 lus
544 1672 852 1747 communicabant
868 1672 906 1764 ⁶,
931 1699 1002 1773 quo
1028 1672 1188 1747 futuam
1208 1672 1337 1758 crede·

258 1770 370 1862 bant,
406 1784 446 1843 ut
470 1766 646 1843 lubentius
673 1796 694 1843 a
723 1772 800 1843 Diis
830 1768 1098 1863 exaudirentur3
1133 1770 1334 1846 sacerdotes

259 1864 355 1943 enim
375 1868 483 1942 medii
512 1866 771 1968 quodammodo
798 1867 1018 1944 habebantur
1040 1868 1201 1945 mortales
1234 1872 1335 1946 inter

261 1983 297 2043 et
321 1970 425 2043 Deos.
475 1966 604 2040 Preces
622 1980 738 2041 tamen
758 1968 958 2072 frequenter
985 1971 996 2042 i
1024 1970 1054 2042 si
1071 1967 1178 2043 etiam
1201 1966 1333 2045 heroes

258 2068 336 2143 Diis
355 2065 530 2158 fundunt,
555 2079 591 2139 et
610 2091 706 2141 sacra
725 2067 837 2141 facere
855 2070 982 2168 cuique
998 1996 1093 2142 licet.

309 2168 339 2265 §.
365 2167 403 2241 3.
456 2165 590 2263 Singuli
624 2165 663 2237 hi
695 2191 815 2239 rerum
849 2193 1025 2241 sacrarum
1053 2166 1205 2243 ministri
1230 2166 1330 2238 Deo·

258 2292 341 2342 rum
363 2263 578 2341 voluntatem
607 2262 752 2363 adsequi
783 2278 940 2365 possunt.
999 2266 1095 2339 Hinc
1112 2264 1192 2339 -illis
1214 2264 1331 2339 honos

260 2379 297 2438 et
317 2361 511 2439 reverentia
529 2359 626 2434 haud
644 2361 794 2460 vulgaris
816 2360 979 2456 habetur,
1004 2364 1054 2436 ita
1072 2377 1112 2437 ut
1137 2362 1330 2439 sacerdotis

259 2464 318 2537 sui
339 2461 526 2559 injuriam,
563 2462 662 2561 quasi
691 2461 758 2533 sibi
791 2460 947 2555 illatam,
983 2463 1134 2561 graviter
1166 2461 1332 2538 vindicet

257 2561 356 2636 Deus
372 2562 412 2653 83
429 2562 660 2632 reverentiam
687 2584 771 2635 vero
785 2570 789 2580 ’
802 2562 910 2634 etiam
937 2560 1084 2659 augebat
1109 2574 1211 2649 aetas.
1266 2562 1329 2634 Se·

258 2658 376 2735 niores
399 2660 550 2730 enimet
573 2668 683 2732 aetate
706 2661 863 2760 provecti
881 2659 1199 2737 fercsaoerdotess
1224 2655 1332 2759 elige·

177 2774 179 2778 '
258 2757 410 2850 bantur,
436 2755 564 2857 quibus
591 2756 726 2855 longior
753 2757 826 2830 vita
856 2756 965 2858 (quip
993 2783 1012 2828 e
1046 2770 1131 2832 tunc
1156 2758 1229 2833 solo
1260 2784 1332 2833 usu
1391 2781 1392 2794 ¹

259 2884 380 2932 rerum
402 2856 547 2931 scientia
567 2853 859 2955 comparabatur)
886 2883 954 2956 pru
979 2857 1097 2935 entiae
1116 2856 1227 2947 fuerat
1249 2880 1329 2930 ma·

264 2953 391 3047 '’stra‚
435 2959 533 3055 cujus
552 2998 555 3005 =
575 2956 721 3029 monitis
759 2968 812 3027 et'
831 2954 983 3029 consiliis
1032 2949 1329 3056 obsequerentur.

260 2984 385 3129 §lenior
413 3055 531 3143 enim,
570 3056 627 3127 cul
660 3053 792 3150 ingenii
826 3051 1131 3153 perspicacitatem
1154 3080 1240 3129 usus
1268 3056 1330 3127 tri·

259 3148 359 3245 buit,
387 3149 654 3252 praeteritorum
685 3151 944 3251 comparatione
976 3152 1134 3226 instituta
1159 3176 1328 3254 praesen-

260 3252 351 3325 tium
369 3262 530 3326 naturam
552 3262 588 3325 et
612 3248 783 3327 rationem
801 3248 934 3328 facilius
958 3250 1137 3352 intelligit,
1171 3264 1207 3326 et
1228 3265 1327 3325 utro-

735 3384 739 3390 ·
872 3383 876 3391 ⁴
1228 3377 1328 3425 rum-

269 2180 277 2187 ,

296 3547 326 3619 ι)
344 3547 408 3607 vu.
423 3568 445 3606 e.
462 3512 487 3621 ¹5.
505 3548 553 3607 or.
568 3548 648 3621 arn,
667 3552 822 3622 171-186.
893 3550 922 3621 2)
940 3549 978 3604 ut
992 3550 1030 3604 aa
1052 3550 1086 3605 c.
1100 3546 1152 3606 vv.
1166 3546 1272 3617 ortua
1294 3550 1328 3604 aa

259 3630 309 3686 Od.
325 3630 366 3685 111
377 3634 453 3704 „459
468 3651 537 3703 seqq.
556 3650 632 3702 qoem
655 3630 688 3685 de
705 3632 777 3685 omni
794 3633 843 3686 hoe
860 3644 1011 3705 argumento
1026 3628 1152 3686 consulas.
1239 3630 1269 3700 5)
1288 3632 1329 3687 Ut

260 3712 295 3770 ll.
311 3713 341 3784 1,
358 3734 400 3770 22.
417 3726 443 3767 et
457 3716 561 3785 passim.
650 3713 681 3781 4)
698 3715 828 3775 Μαντιτς
850 3716 927 3769 modo
948 3714 1049 3784 generis
1076 3728 1168 3765 nomen
1193 3722 1247 3766 est:
1269 3713 1325 3770 vid.

160 3790 171 3794 ”
260 3794 347 3866 Ηεςη.
366 3807 393 3850 et
413 3796 496 3869 Kopp.
519 3796 600 3853 ortt
613 3802 642 3865 1,
659 3800 701 3853 62.
729 3796 833 3868 XXXV,
850 3818 912 3855 aare
933 3796 1012 3851 modo
1037 3796 1069 3847 de
1087 3792 1263 3864 peculiaribus
1279 3814 1325 3867 pp.

262 3877 712 3951 (licitur,vid.inlrac.15.§.1.
804 3878 836 3947 5)
851 3879 882 3935 E.
897 3896 922 3947 g·
935 3876 966 3933 lt
984 3877 1012 3946 l,
1030 3878 1157 3945 11,450.
1234 3874 1265 3945 6)
1283 3878 1327 3931 lta

262 3972 360 4029 pestem
378 3958 483 4014 Achivis
500 3960 653 4033 deprecatur
667 3958 779 4031 chryses
793 3959 825 4015 Il.
841 3958 872 4030 l,
889 3964 950 4015 450.
1019 3959 1047 4028 7)
1064 3954 1188 4028 Exemplo
1208 3968 1248 4010 est
1267 3956 1326 4010 En-

258 4041 385 4112 eytamss
408 4041 439 4098 lt
454 4042 495 4113 V,
514 4038 571 4115 14q.
597 4044 775 4113 ὀνειροπὸὶος,
798 4043 891 4115 ytpor.
933 4040 976 4101 Cf.
998 4038 1031 4099 lt
1045 4038 1074 4110 1,
1091 4042 1133 4098 26.
1155 4035 1245 4109 plures
1268 4038 1351 4121 alii·¹

264 4122 293 4193 8)
313 4122 349 4177 Ut
365 4134 480 4196 patet-ex
493 4122 570 4195 ll.l,
589 4142 688 4196 pseqq.
712 4148 731 4167 π
1153 4147 1161 4165 ⁸
