2800 4767
157 211 180 250 ν

316 189 805 365 nourrius,
1023 223 1111 321 2331

149 433 220 540 'rsa
246 441 359 542 (ss
372 435 417 514 ‘a'
432 450 552 536 ἀγκῶνος
569 445 610 533 βῆ
627 453 731 538 τείχεσ
751 441 862 534 bam

151 547 338 639 Πάτροκλος,
362 547 423 638 τρὶς
438 538 466 616 δ’
482 548 563 614 αὑτὸν
584 544 802 638 ἀπεστυφέλιξεν
814 540 981 634 'boillum

151 635 285 736 Xat'psco’
308 647 463 735 ἇθσσάτῃσι
480 647 593 738 φαεινὴν
608 642 717 712 ἀσπίδα
732 647 854 713 νύσσων
1090 654 1094 660 ’

142 732 224 810 Ἀλλ’
239 741 285 810 ’ὅτε
302 739 338 818 δὴ
357 744 388 808 τὸ
407 749 538 834 τέταρτον
558 737 692 810 ε’πέσσύτσ
710 770 745 808 κ.
761 767 790 812 τ.
806 744 838 814 λι
855 753 884 811 ².

56 826 178 937 ltaque
217 834 346 908 Graeci
392 835 536 933 Troiam
575 847 813 935 oppugnatam
865 833 968 910 facilc
998 833 1115 934 cepis

55 951 135 1008 sont
151 991 163 1026 ,Ι
194 935 223 1006 si
252 931 399 1035 quidem
446 933 498 1005 rei
537 933 697 1006 militaris
733 933 879 1009 scientia
908 933 992 1008 satis
1027 933 1115 1005 luis'-
1160 954 1162 957 ·

59 1047 134 1106 sent
157 1033 330 1105 instructi.
379 1033 443 1104 Ast
469 1030 567 1103 urbis
593 1029 809 1106 obsidendae
841 1045 953 1106 artem
978 1033 1117 1130 ignora-

57 1144 160 1216 runt,
191 1156 258 1204 nec
290 1125 484 1231 quidquam
516 1127 560 1202 ab
583 1130 741 1203 Homero
764 1145 976 1205 memoratur
989 1185 1003 1226 ,³
1023 1125 1118 1231 quod

59 1256 99 1302 eo
120 1229 242 1302 referri
258 1230 378 1328 possit·
426 1228 482 1302 Ne
502 1227 607 1326 igitur
629 1227 675 1300 de
699 1228 882 1303 obsidione
909 1228 1120 1329 cogitemus.

59 1327 197 1428 'qualem
233 1339 351 1401 nostra
385 1337 476 1397 aetas
512 1325 687 1424 intelligit.
747 1329 823 1402 Nec
861 1329 959 1401 enim
996 1320 1123 1399 urbem

60 1428 223 1524 cingere,
256 1449 323 1498 ncc
351 1438 548 1498 commeatu
578 1439 817 1526 oppugnatam
863 1423 1122 1512 intercludere,

61 1551 128 1598 nec
160 1523 331 1597 machinis
371 1521 490 1596 aliisve
512 1522 637 1610 ,rebus
667 1526 712 1596 ad
748 1520 967 1598 deditionem
996 1533 1121 1621 cogere

62 1635 242 1697 noverant.
300 1624 415 1716 Quam
449 1634 558 1693 artem
590 1620 620 1694 si
655 1622 884 1714 calluissent,
922 1623 985 1725 qul
1021 1640 1126 1724 quae·

63 1749 101 1795 so
126 1723 166 1794 in
179 1747 248 1794 una
267 1745 376 1822 eaque
395 1745 501 1820 parva
522 1745 589 1796 nec
606 1725 687 1794 satis
711 1721 846 1794 munita
870 1719 958 1795 urbe
979 1723 1124 1820 capien‘·

64 1823 108 1892 du
135 1819 261 1892 decem
286 1845 398 1892 annos
424 1819 729 1902 consumsissenti
763 1842 869 1922 quam
899 1820 1045 1922 quidem
1067 1829 1126 1890 ur'·
1240 1836 1247 1850 ·

65 1918 147 1992 hem
168 1916 310 1992 tandem
333 1917 459 1990 non'vi
476 1931 511 1988 et
529 1918 658 1990 virtute
685 1933 953 2018 expugnarunt,
980 1916 1042 1990 scd
1061 1932 1126 2015 per

65 2015 224 2090 fraudem
242 2017 280 2088 in
301 2041 398 2088 suam
413 2027 620 2115 potestatem
640 2015 853 2114 redegerunt
866 2034 896 2093 ¹.
932 2018 1021 2090 Suae
1030 2017 1129 2089 enim

66 2115 206 2188 urbium
229 2112 502 2188 obsidendarum
521 2113 678 2187 inscitiae
707 2112 816 2214 probe
840 2117 971 2191 conscii
998 2115 1127 2190 Graeci

67 2215 157 2312 egris
187 2211 348 2311 Troianis
376 2209 551 2285 vastandis
584 2226 619 2286 et
656 2213 816 2313 plurimis
840 2213 989 2289 urbibus
1020 2231 1131 2313 expet-

67 2311 212 2409 guandis
246 2311 399 2412 opimam
422 2309 588 2411 praedam
625 2309 887 2410 colligebant5:
923 2326 959 2387 ct
986 2313 1130 2417 Trojani

66 2411 234 2510 flagrante
249 2403 343 2481 bello
361 2436 476 2507 agros,
503 2411 540 2482 in
561 2410 668 2510 ipsius
689 2410 786 2483 urbis
805 2411 939 2485 ambitu
956 2415 1056 2505 sitos,
1076 2423 1135 2484 co·

67 2511 139 2584 lere
160 2511 311 2608 potuisse
330 2509 511 2598 videntur,
536 2511 565 2581 si
588 2522 745 2582 veterum
760 2508 901 2582 urbium
922 2523 1084 2586 naturam
1098 2522 1135 2582 et

68 2607 152 2680 belli
170 2605 315 2704 gerendi
342 2631 477 2678 morem
505 2608 696 2702 cogitemus
713 2607 741 2678 4.
793 2608 920 2681 Primis
940 2608 1025 2685 belli
1042 2619 1136 2683 'tent-

70 2707 217 2807 poribus
243 2706 351 2777 muris
373 2705 526 2776 inclusos
544 2727 581 2774 se
608 2713 799 2776 tenuerunt
827 2706 994 2803 Troiani3
1020 2723 1132 2808 quum

70 2821 188 2878 nutem
200 2805 471 2900 Agamemnonis
492 2829 573 2873 cum
592 2801 1016 2881 Achillebontentinnem
1029 2819 1134 2909 atque

73 2905 180 3002 hujus
222 2901 265 2974 ab
302 2901 407 2973 armis
440 2900 686 2974 discessionem
723 2902 977 3000 rescivissent,
1014 2923 1133 3007 portas

73 3001 202 3100 egressi
230 2997 385 3101 quotidie
405 2999 477 3072 iere
505 3024 547 3071 ex
567 2997 677 3089 urbe,
703 3011 744 3071 ut
771 3001 898 3074 Graeci
925 3027 970 3078 ex
993 2995 1136 3103 castris,
1161 3012 1173 3031 '¹

74 3124 240 3190 excursus
252 3099 437 3190 lecerunt,
463 3096 558 3169 unde
572 3095 699 3169 leviora
715 3098 882 3172 continuo
898 3103 1031 3203 proelia
1044 3107 1138 3179 ories

75 3200 224 3273 bantur:
251 3195 436 3297 aliquando
459 3207 577 3282 tamen
593 3196 708 3269 acrius
728 3199 845 3271 hostes
870 3206 1020 3299 aggressi
1034 3219 1137 3300 sunt,

74 3312 114 3371 ut
135 3295 286 3369 Hectore
319 3293 412 3368 duce
450 3293 663 3368 Achivorum
692 3311 802 3369 naves
825 3298 994 3375 incendio
1021 3301 1137 3389 delere

77 3411 111 3468 et
132 3408 242 3467 castra
265 3393 479 3494 perfringere
509 3405 744 3471 conarentur:
772 3410 854 3494 post
880 3401 973 3472 varia
997 3402 1156 3477 tandem.

77 3492 279 3566 discrimina
305 3491 463 3566 Patroclo
504 3493 617 3566 occiso
646 3492 693 3564 ad
717 3505 874 3593 pugnem
905 3498 998 3574 redit
1021 3489 1141 3578 Achil·

910 3595 1247 3717 v·-les‚·

84 3810 197 3908 ¹stis.
217 3806 447 3902 rumonus.
554 3827 584 3898 s)
604 3810 892 3901 situatas..
980 3815 1144 3902 minan,
1275 3792 1278 3799 ¹

81 3911 159 3980 slx,
177 3915 228 3967 246
242 3928 312 3984 seqq.
399 3914 430 3985 4)
448 3913 500 3968 Nec
514 3923 601 3968 enen
614 3911 666 3967 huc
685 3910 762 3967 facile
779 3909 933 3985 retulerim,
947 3920 1013 3988 qnae
1025 3913 1147 3988 legunto}

81 3993 116 4052 ll.
131 3993 188 4048 XXI
197 4036 206 4065 ‚
223 3995 272 4051 602
287 4009 342 4068 teqs

139 4093 154 4127 ι
426 4133 428 4138 ,
863 4059 889 4134 '¹'-
