2800 4767
308 262 383 366 an
578 256 1091 375 anxiou1ras

307 458 365 553 τ..
392 460 562 563 speltam,
597 456 654 534 alii
675 455 872 548 hordeum«,
899 454 959 534 alii
987 454 1188 556 siliginem,
1217 428 1278 534 atii
1297 482 1368 531 are·

305 586 411 650 nam,
437 560 497 632 alii
524 558 625 631 aliter
656 560 947 655 interpretantur.
997 558 1095 631 Adeo
1126 557 1264 629 incerta
1295 572 1367 630 sunt

305 658 458 758 plurima
472 673 509 731 et
530 657 690 755 ambigua
740 660 827 727 Prae
849 656 973 728 ceteris
1002 670 1118 727 tamen
1142 655 1270 729 bordea
1304 655 1367 727 lau·

226 782 229 791 ’
305 756 452 845 duntur,
479 786 567 855 quae
580 816 589 845 ,
604 772 645 828 ut
666 756 795 852 lleynii
807 756 923 828 verbis
942 769 1037 843 utar,
1058 757 1211 854 primum
1230 768 1317 825 tosta
1335 773 1366 851 ¹,

304 868 379 927 tum
410 858 528 929 fractis
572 856 746 955 pinsendo
778 856 896 949 granis
930 852 1037 925 affusa
1073 879 1160 953 aqua
1189 853 1320 925 mollita
1335 872 1365 941 2,

302 952 403 1027 nulla
433 953 798 1040 furfurissecretione
832 953 946 1039 treta,
972 952 1080 1053 pultis
1114 978 1210 1034 more
1239 956 1363 1050 apponi

302 1052 400 1126 solita
424 1055 566 1127 suerunt
583 1054 611 1126 5.
663 1052 1015 1124 Molebanturautem
1035 1078 1139 1149 grana
1166 1053 1276 1152 (quod
1299 1053 1364 1122 Hu-

302 1176 402 1225 mero
435 1160 691 1251 est'yo'dstpadsu,
725 1159 815 1223 ἀλέαν
830 1151 861 1246 4)
892 1176 912 1220 a
941 1152 1081 1223 seminis
1114 1150 1254 1223 famulis
1281 1156 1362 1245 μύλῃς

299 1250 368 1337 ἔπι,
402 1276 491 1349 quae
522 1260 610 1346 μύλαι
638 1249 886 1323 verosimiliter.
916 1247 1052 1321 duobus
1084 1247 1259 1348 lapidibus
1288 1275 1362 1321 con·

300 1346 461 1444 stabant,
488 1350 615 1450 quibu's
633 1348 726 1421 inter
750 1374 787 1421 se
808 1347 1009 1422 affricandis
1030 1348 1250 1422 frumentum
1275 1350 1360 1420 frau-

297 1460 430 1547 gerent.
479 1449 524 1520 In
544 1449 681 1549 Ulyssis
700 1450 794 1547 regia

357 1584 359 1588 ·
406 1547 483 1643 Τῇσι
505 1549 636 1645 (μύλαις)
650 1552 769 1623 ,δώδεκα
790 1560 881 1625 παῖσαι
903 1545 1068 1644 meppiam
1084 1565 1214 1642 γυναῖκες

391 1646 521 1745 ’Άλφιτα
538 1657 686 1746 τεύχουσαι
708 1657 756 1719 καὶ
778 1654 924 1734 allebata,
950 1651 1050 1740 μυελὸν
1068 1648 1177 1741 ἀνδρῶν
1193 1647 1223 1719 5.

168 1808 178 1829 ,
296 1744 457 1835 Quarum
487 1771 588 1819 suam
621 1748 749 1847 cuique
779 1744 934 1846 quotidie
966 1741 1250 1817 admetiebantur
1285 1775 1358 1846 par·

295 1855 389 1935 tem,
427 1869 515 1941 quae
546 1870 797 1947 saepenumero
833 1857 932 1915 tanta
966 1853 1058 1929 erat,
1085 1857 1127 1914 ut
1156 1844 1355 1920 imbecillior

295 1941 336 2013 in
366 1941 515 2015 multam
548 1960 690 2019 noctem
722 1941 879 2015 laborare
907 1952 1068 2039 pergeret
1085 1942 1113 2013 ⁶.
1177 1944 1300 2018 Gravis
1325 1960 1354 2024 et

291 2064 455 2114 morosus
482 2058 564 2117 sane
594 2044 651 2117 hic
682 2038 848 2143 pinsendi
886 2038 1010 2129 labor,
1045 2067 1112 2113 nee
1144 2044 1352 2136 mirandum,

296 2140 393 2238 quud
415 2148 525 2238 ἁλετρις
544 2157 613 2236 γυνή
635 2145 747 2239 Zeum
765 2154 948 2240 precetur,
974 2152 1014 2210 ut
1039 2165 1164 2236 procos
1182 2141 1326 2243 perdat,

402 2244 446 2309 Οἳ
462 2244 498 2324 δὴ
523 2240 625 2339 (abra)
645 2255 766 2337 καμάτῳ
782 2246 923 2336 θυμαλγέϊ
937 2238 1047 2335 paduae’
1062 2242 1187 2333 ἔλυσαν,

383 2333 519 2437 ”Alpem
541 2350 696 2435 τευχούσῃ·
725 2355 771 2411 νῦν
792 2345 903 2411 ὕστατα
924 2342 1097 2420 δειπνήσειαν
1114 2357 1143 2417 7.

291 2432 366 2507 Ubi
399 2436 508 2533 puls,
534 2464 638 2539 quam
669 2438 844 2526 diximus,
880 2434 1051 2529 exiiuuata
1082 2437 1250 2513 duritiem
1279 2466 1351 2520 con·

223 2604 225 2610 ,
287 2546 468 2636 traxerat,
506 2536 686 2645 placentae
715 2535 1093 2636 speeiemrelerebat,
1119 2564 1252 2636 quam,
1272 2565 1377 2637 quos:

290 2634 362 2705 ties
391 2635 591 2733 prandendi
620 2651 761 2735 tempus
795 2631 952 2721 adesset,
984 2661 1074 2735 aqua
1109 2635 1228 2709 ‹lenm
1253 2636 1349 2710 affixa

289 2730 464 2829 mollitam
501 2749 561 2809 aut
592 2736 787 2816 sorbebant
814 2747 875 2804 aut
898 2733 1207 2809 manducabant
1263 2738 1349 2826 Faria

290 2854 376 2901 nam
398 2840 454 2902 ἀπὸ
472 2844 569 2931 κριθῆς
593 2834 766 2907 eomodo
794 2845 1035 2930 praeparatam
1068 2841 1193 2932 ἄλφιτα,
1217 2839 1278 2908 uiro
1300 2868 1346 2907 aa

291 2946 348 3024 ρῶν
374 2939 634 3005 contradictum
657 2932 746 3006 dixit
774 2937 949 3019 Homerus
965 2949 996 3003 t.
1045 2935 1100 3004 Ex
1123 2934 1257 3029 ldeynii
1275 2960 1345 3007 reru

289 3032 483 3123 sententia,
508 3034 615 3130 ἄλφιτα
636 3032 741 3103 modo
766 3044 850 3107 sunt
879 3028 1003 3102 hordei
1024 3056 1129 3127 grana
1144 3045 1256 3121 tosta,
1282 3060 1345 3107 mo

288 3125 336 3195 do
364 3126 464 3222 puls,
491 3132 597 3203 modu
633 3133 735 3227 panis
763 3134 937 3204 sicausw.
985 3130 1147 3229 Denique
1174 3132 1344 3203 interim·

287 3236 408 3298 menta
432 3240 646 3317 memorat-ur
673 3251 723 3328 ιρι
753 3236 870 3319 baua,
894 3226 1010 3327 quod,
1036 3229 1215 3329 Hesychio
1247 3233 1343 3303 inter

1278 3357 1344 3432 pre·

319 3517 349 3590 ι)
368 3520 409 3579 Cf.
424 3522 536 3592 Goguet·
554 3522 573 3580 l.
588 3542 611 3577 s·
626 3522 657 3577 l.-
715 3523 745 3591 a)
764 3522 889 3580 cf.1³1ia
907 3524 938 3580 I..
951 3522 1049 3578 xvnl.
1067 3536 1131 3581 sect.
1148 3526 1188 3581 14.
1207 3545 1235 3596 p.
1254 3531 1310 3583 108.
1324 3536 1342 3579 et

287 3598 401 3673 Goguet.
419 3605 467 3679 Qp.
485 3604 505 3659 l·
531 3604 582 3659 vol.
601 3605 637 3662 11.
666 3610 818 3680 p.m.176.
916 3606 945 3672 ὅ)
965 3604 1028 3662 Var.
1047 3606 1132 3663 Lectt.
1149 3617 1175 3659 et
1197 3606 1303 3661 Obserr.
1317 3607 1341 3659 ad

281 3676 386 3753 ltx1,
405 3686 464 3747 636.
536 3688 567 3756 4)
586 3688 634 3747 Ol.
651 3686 720 3764 Vll,
740 3693 796 3745 104.
813 3687 875 3756 llll,
894 3676 952 3756 169.
1039 3682 1340 3762 ⁵)[td.tx‚107nq.

282 3762 314 3831 6)
334 3763 397 3822 Vid.
413 3768 463 3821 od.
482 3766 543 3823 Lol.
561 3770 663 3828 vs.'108
681 3788 753 3840 seqq.
830 3769 859 3841 7)
877 3767 929 3823 (ld.
948 3770 977 3823 l..
995 3766 1014 3825 l.
1032 3788 1068 3825 ts.
1086 3776 1134 3825 128
1149 3791 1204 3845 seq.
1256 3775 1285 3840 8)
1301 3768 1339 3825 δι’·

281 3845 337 3896 euti
355 3863 444 3901 sumus
469 3848 556 3919 Heyn.
582 3853 614 3905 ad
634 3852 669 3910 ll.
684 3853 736 3921 Xl,
754 3856 815 3909 630.
893 3853 923 3922 9)
940 3851 1002 3908 Vid.
1022 3851 1142 3911 Eustatb.
1166 3856 1199 3908 ad
1219 3856 1269 3912 Od.
1288 3854 1338 3923 XX,

280 3927 338 3979 108.
358 3938 385 3981 et
401 3929 488 3998 Lexig·
506 3932 534 4009 in
555 3951 610 4006 roe.
700 3934 747 4003 ιο)
765 3933 999 4005 Ut11.x1,630.
1017 3946 1045 3989 et
1060 3936 1157 4006 passim
1174 3939 1205 3992 iu
1224 3938 1336 4009 odyssea

278 4002 340 4063 vid.
355 4007 442 4081 lleyn.
456 4012 489 4067 ed
507 4012 541 4068 ll·
555 4015 580 4073 ·l.
596 4019 615 4076 Ι.
1017 4029 1020 4033 “
