2800 4767
394 271 894 357 PROOEMIUM.
1132 300 1172 350 ιι

96 472 178 590 nia,
193 469 384 547 mammam
405 482 500 547 certe
519 484 657 573 partem
671 470 860 547 latumunt.
894 470 952 545 Tu
968 471 1097 573 igitur,
1115 476 1168 550 ita

96 591 295 667 monebant
314 588 394 682 Illi,
420 602 460 663 tu
482 589 613 664 Foithii
635 589 766 665 librum
786 602 928 663 auctum
945 604 983 663 et
1001 591 1170 667 emendu-

96 725 179 787 tum
193 706 314 787 denuo
336 706 453 802 edito,
480 734 590 813 eaque
609 708 660 785 illi
683 708 862 783 literarum
875 708 1091 783 Graecarum
1109 707 1170 783 lu·

96 831 198 903 mina
218 827 420 927 adjungito,
433 854 535 927 -quae
555 827 622 903 hac
649 842 770 903 nostra
798 840 909 901 aetate
928 842 1048 901 exorta
1068 841 1173 902 sunt:

98 974 172 1053 qno
197 949 308 1041 facto,
336 945 508 1021 studiosae
536 948 709 1049 juventuti
729 949 819 1049 grati
844 943 934 1049 quid
964 946 1096 1044 egeria,
1127 946 1174 1019 il·

98 1066 236 1169 ludque
256 1053 468 1169 perfeceris,
493 1064 608 1167 quod,
632 1079 674 1141 ut
690 1065 893 1159 innostris,
909 1065 959 1139 ita
972 1065 1011 1136 in
1022 1062 1174 1139 aliorum

99 1187 192 1262 votis
213 1190 287 1287 jam
303 1182 440 1259 dudum
452 1184 559 1257 fuisse
576 1182 641 1257 tibi
654 1183 828 1259 affirmare
844 1182 934 1257 nulli
947 1181 1170 1265 dubitamus.

148 1304 248 1377 Haec
271 1301 334 1377 illi.
383 1308 454 1399 Ego
477 1326 561 1377 varo
582 1302 730 1376 atentia
753 1302 838 1377 viris
869 1299 1058 1377 consilium
1087 1325 1173 1403 pro·

98 1421 182 1496 bari
204 1420 376 1523 gaudens,
413 1420 524 1497 laetus
552 1432 588 1495 et
614 1444 733 1495 morae
759 1420 969 1520 impatiens,
989 1419 1093 1523 'quid
1112 1447 1174 1498 va·

100 1540 202 1615 leant
221 1542 336 1633 vires,
360 1541 532 1641 experior.
584 1540 628 1618 In
646 1544 717 1643 quo
741 1562 848 1641 opere
871 1537 1086 1641 aliquamdiu
1110 1565 1172 1612 oc·

99 1671 276 1760 cupatus,
295 1659 388 1735 locos
399 1684 443 1733 ex
453 1658 527 1733 aliis
540 1670 678 1761 praeter
688 1656 885 1732 Homerum
900 1662 1046 1759 ejusque
1063 1659 1173 1733 iuter-
1241 1716 1248 1734 .

97 1791 218 1877 protes
239 1776 439 1893 auctoribus
460 1776 586 1852 ductos
606 1776 806 1851 Homericis
825 1775 1174 1851 aFeitbiointerser·

97 1908 156 1969 tos
166 1893 253 1971 vidi.
291 1894 423 1969 Utrum
439 1908 534 1973 reete
553 1907 590 1969 et
601 1899 677 1995 jure
693 1893 732 1971 id
743 1894 874 1969 factum
885 1908 976 1969 esset
986 1895 1175 1972 vehemen·

101 2025 159 2087 ter
185 2011 351 2115 equidem
378 2009 596 2087 dubitabam.
652 2014 742 2105 Quis
768 2012 867 2086 enim
891 2014 1174 2087 testimoniorum

100 2154 145 2203 ex
158 2131 289 2205 literis
304 2132 435 2223 sacris,
459 2131 632 2222 Pindaro,
658 2128 854 2233 Sophocle,
879 2130 1075 2234 Euripide,
1098 2132 1174 2206 Ari·

98 2245 296 2349 stephana,
320 2246 508 2350 Apollonio
528 2246 688 2343 Rhodie,
709 2251 757 2345 Q.
784 2250 996 2356 Smyrnaeo,
1020 2274 1065 2323 ex
1086 2249 1174 2349 juris

99 2362 228 2438 codice
250 2365 396 2471 aliisque
425 2366 625 2443 auctoribus
652 2365 893 2443 desumtorum
922 2371 968 2475 in,
983 2368 1173 2445 Homerica

99 2482 308 2587 antiquitate
331 2514 414 2561 usus
440 2511 514 2560 esse
536 2488 694 2589 poterit?
726 2485 866 2582 Quibus
887 2488 918 2563 si
936 2488 1016 2591 quis
1042 2489 1094 2561 uti
1114 2512 1174 2561 ve·

99 2598 160 2690 lit,
185 2628 249 2675 nae
277 2602 337 2680 ille
364 2605 538 2679 Graecam
566 2606 812 2709 antiquitatem
833 2606 1068 2682 universalem
1088 2630 1177 2681 con·
1241 2608 1246 2620 '

102 2717 254 2812 scribat,
279 2736 342 2815 ut,
368 2723 455 2826 quid
474 2724 512 2797 iu
532 2724 680 2817 ritibus,
707 2722 866 2801 moribus
883 2737 918 2799 et
936 2724 1107 2799 institutis
1130 2748 1175 2799 ex

104 2862 189 2915 aero
212 2838 354 2916 heroico
380 2856 582 2938 serratum,
612 2842 745 2945 quidve
773 2856 949 2919 mutatum
974 2845 1042 2936 sit,
1074 2868 1178 2916 accu-

104 2967 182 3026 rate
201 2958 400 3057 expositum
419 2959 587 3061 exemplis
606 2959 760 3035 illustret
777 2976 815 3035 et
831 2963 1029 3036 confirmet.
1066 2961 1173 3057 Quod

104 3072 168 3171 qui
192 3087 290 3173 agat,
325 3076 451 3153 eodem
473 3104 542 3153 nec
570 3082 708 3155 minore
730 3085 809 3181 jure
831 3078 1089 3173 recentiorum,
1114 3086 1172 3157 in·

105 3182 294 3267 cultiorum
315 3197 540 3297 praesertim,
562 3198 778 3299 populorum
800 3221 938 3288 mores,
963 3198 1121 3275 instituta
1138 3214 1174 3273 et

105 3320 221 3385 cetera
244 3311 446 3415 collegerit,
473 3330 516 3389 ut
538 3342 628 3421 quae
654 3332 692 3391 et
714 3318 770 3393 hia
792 3330 829 3390 et
853 3315 997 3393 Graecis
1017 3344 1175 3393 commu·

108 3428 184 3518 nia,
210 3456 299 3530 quae
320 3432 465 3535 singulis
482 3436 626 3537 propria
649 3436 801 3529 suerint,
826 3450 978 3535 exponat
997 3460 1041 3511 ex
1062 3462 1173 3541 eaque

106 3551 362 3647 comparatione
392 3552 526 3627 variam
556 3550 686 3629 efficiat
711 3552 926 3657 populorum
953 3550 1109 3628 indolem
1136 3566 1173 3628 et

1110 3698 1174 3745 na·

109 3878 199 3941 quarn
217 3871 286 3943 poet
313 3884 332 3926 a
355 3867 419 3927 auis
447 3864 624 3950 conspectur
649 3880 713 3940 eet,
739 3869 854 3950 ingenti
879 3864 1050 3930 litterarum
1078 3869 1173 3933 detri-
1234 3909 1235 3914 κ

109 3974 215 4025 mento.
256 3966 301 4028 lta
315 3968 408 4029 Henr.
426 3968 594 4035 Brumanua
620 3975 652 4033 in
669 3974 765 4057 Epist.
785 3972 824 4036 ad
844 3970 872 4033 J.
890 3972 1052 4050 Cuccium,
1075 3972 1175 4036 Feith.

113 4068 205 4147 antiq.
218 4068 307 4133 Hom.
329 4070 514 4137 editionibus
530 4075 676 4157 praefixa·
