2800 4767
385 163 822 302 nonnemo}
1055 215 1133 317 329

398 583 792 618 m

162 827 422 916 CAPUT
484 821 1047 915 DUODECIMUMe

442 1149 453 1162 .
495 1072 545 1126 nn
581 1072 738 1126 ruera
837 1032 842 1052 ¹

132 1337 161 1439 ξ.
191 1361 224 1409 r.
272 1293 345 1406 Ex
364 1329 512 1405 Homeri
542 1325 757 1403 carminibus
790 1329 831 1403 in
855 1326 965 1408 Iliade
988 1349 1146 1432 praescr·

86 1439 153 1510 tim
185 1429 397 1536 proeliorum
421 1431 639 1527 frequentem
665 1428 741 1501 fieri
771 1429 1011 1519 mentionem,
1040 1448 1146 1498 nemo

88 1561 171 1612 sane
194 1545 270 1617 est,
294 1531 355 1630 qui
380 1527 436 1600 vel
466 1526 604 1603 dubitet
626 1525 683 1599 vel
701 1527 860 1606 miretur.
915 1527 992 1600 Nec
1024 1539 1146 1598 tamen
1230 1570 1232 1573 -

88 1658 229 1734 semper
252 1631 435 1702 universus
467 1626 640 1698 exercitus
668 1627 871 1699 concurrit:
910 1625 1019 1698 immo
1050 1622 1149 1722 prin·

86 1735 183 1832 cipes
204 1729 340 1828 saepius
373 1727 499 1798 heroes
520 1738 601 1796 ante
633 1724 745 1797 aciem
767 1735 909 1820 πρόμαχοι
932 1734 1092 1825 pugnant
1112 1731 1154 1795 et'
1231 1722 1234 1733 ’

86 1845 264 1906 certarnen
283 1849 389 1898 omne
409 1824 592 1900 dirimunt.
641 1821 746 1914 Quod
768 1823 799 1895 si
817 1824 948 1896 factum
975 1831 1148 1911 nonest,
1231 1850 1237 1864 ¹

85 1933 123 2005 in
152 1955 189 2010 se
221 1925 371 1998 invicem
394 1947 458 2022 per
490 1922 615 2022 stirpes
648 1921 721 1993 fere
748 1921 887 1996 irruunt
920 1921 1059 2008 hostes,
1082 1941 1150 1993 nec

90 2027 283 2127 quidquam
317 2021 390 2093 lieri
414 2018 556 2107 videas,
588 2017 683 2122 quod
712 2032 822 2092 totam
856 2018 966 2093 aciem
1001 2029 1150 2116 spectet.

88 2129 143 2201 Ut
178 2135 293 2197 autem
334 2117 457 2193 ordine
492 2117 741 2216 procedamus,
777 2116 823 2188 de
862 2117 919 2191 his
951 2115 1151 2217 singrdatim

88 2225 156 2298 erit
183 2216 421 2310 monendum,
441 2213 677 2316 'generalibus
708 2213 920 2320 quibusdam
949 2217 994 2289 de
1026 2214 1153 2289 tactica

87 2321 301 2428 praemissis·
394 2360 398 2370 1
951 2328 954 2332 ’

135 2421 165 2520 ξ.
194 2445 228 2493 2.
278 2419 350 2490 Per
369 2415 495 2518 stirpes
515 2413 616 2488 divisi
640 2419 679 2489 in
700 2415 775 2489 acie
794 2413 937 2492 adstant
966 2413 1093 2492 Achivi
1117 2429 1154 2492 et

90 2519 262 2622 Trojani',
287 2517 412 2616 cuique
439 2514 541 2615 stirpi
577 2513 631 2586 sui
660 2514 839 2616 principes
874 2529 1058 2621 praesunt,
1091 2516 1156 2616 qui

92 2620 220 2694 eodem
247 2617 286 2688 in
307 2637 386 2686 suos
407 2612 555 2714 imperio
581 2625 617 2682 et
651 2613 727 2710 pari
758 2618 962 2697 auctoritate
981 2627 1088 2687 sunt:
1116 2615 1155 2688 hi

93 2729 218 2820 sponte
242 2741 304 2788 sua
325 2737 392 2784 nec
415 2713 518 2784 inviti
543 2711 683 2808 imperii
707 2713 942 2788 summania
961 2737 1075 2784 unum
1094 2709 1157 2787 do-

92 2817 231 2906 ferunt,
280 2809 352 2884 uod
380 2810 417 2883 in
440 2815 739 2908 Agamemnonem
771 2836 790 2886 a
819 2811 982 2901 Graecis,
1016 2837 1037 2881 a
1064 2811 1156 2883 Tro.

93 2916 184 3016 jonis
204 2915 242 2996 in
255 2841 467 2994 qHectorem
487 2909 642 3006 Trojano
669 2903 766 2980 bello
800 2907 956 2982 delatum
986 2933 1062 2986 esse
1093 2933 1158 2983 no·

93 3026 179 3088 runt
213 3023 343 3084 omnes.
401 3006 631 3108 Disciplinam
666 3008 750 3079 vero
790 3006 1012 3094 militarem,
1052 3032 1158 3106 quam

59 3149 61 3158 ¹
95 3109 262 3186 dixerunt
280 3107 513 3194 recentiores,
540 3106 665 3177 frustra
689 3105 729 3176 in
748 3129 868 3179 eorum
888 3109 962 3179 acie
980 3108 1160 3206 quaesive-

96 3214 160 3292 ris.
201 3211 302 3309 'Ejus
327 3201 452 3293 enim,
490 3202 547 3278 vel
582 3215 622 3274 ut
658 3203 819 3279 universe
850 3203 984 3295 dicam,
1015 3207 1167 3280 tactices·

97 3309 244 3403 omnino
272 3332 345 3379 non
373 3304 442 3378 nisi
472 3304 586 3403 prima
610 3299 782 3374 elementa
812 3318 1002 3392 noverant,
1028 3329 1096 3378 nec
1118 3331 1162 3380 ca

12 3487 13 3492 ἵ
97 3433 221 3480 omnes
244 3419 303 3478 aut
325 3401 485 3502 plurimi,
513 3401 573 3474 sed
600 3402 702 3500 pauci
712 3413 865 3474 tantum:
892 3403 1080 3474 Hectorem
1110 3403 1164 3476 di·

99 3531 164 3596 oc,
190 3503 434 3578 Menestheum
451 3513 488 3571 et
514 3525 600 3598 prae
620 3501 745 3572 ceteris
769 3500 974 3574 Nestorem:
995 3503 1162 3600 'Troianis
1204 3523 1210 3535 ·

96 3630 183 3682 vero
210 3602 359 3684 multum
387 3597 625 3672 excelluerunt
654 3596 792 3673 Achivi.
840 3601 896 3676 Ex
921 3599 975 3671 his
991 3597 1164 3701 quaedam

101 3706 247 3779 tactices
278 3710 465 3801 praecepta
504 3698 575 3770 suis
612 3693 711 3768 dedit
745 3723 852 3770 senex
884 3697 1026 3798 Pylius,
1052 3724 1163 3798 quae,

101 3801 148 3880 ab
166 3803 321 3886 Homero
335 3797 521 3878 memoriae
568 3794 699 3884 rodite,
718 3795 872 3870 breviter
893 3822 1014 3870 sumus
1032 3797 1164 3871 relatu·

103 3902 157 3991 ri,
181 3901 226 3973 de
244 3896 373 3999 quibus,
384 3920 467 3971 vero
481 3821 593 3997 prodre
611 3889 803 3983 tenendum
822 3909 895 3983 est,
921 3894 1017 3972 haud
1040 3922 1165 3974 omnes

104 4012 198 4094 arte,
222 3999 328 4099 qu'am
346 3995 475 4076 Nestor
496 3994 685 4085 docuerat,
712 3993 751 4066 in
772 3992 905 4094 proelio
936 4019 1015 4066 usos
1035 3995 1164 4090 fuisse,

215 4141 216 4150 ¹
798 4119 855 4178 Η
1101 4119 1167 4198 uni
