2800 4767
232 345 233 348 4
318 274 865 357 onrntstconsnrcaos.
1042 297 1123 343 am

141 447 173 513 ς.
189 457 215 510 3
249 448 359 498 nonum
377 446 534 496 innodoctos
553 444 826 510 46441644414848444,
838 449 937 512 menni
948 456 1053 506 etunde

85 532 198 584 essem
215 534 283 595 prius
303 531 445 593 percontari
465 531 596 591 solebant,
614 543 687 593 quam
709 531 767 579 cibo
792 546 818 582 et
839 546 902 595 potu
919 534 1059 590 tioetultes

117 632 160 669 eos
176 628 340 669 recreassent.

145 702 171 765 §.
187 715 213 757 4.
249 702 378 761 ingressos
394 700 527 761 lavabant,
543 696 688 761 unguebant
702 702 729 747 et
742 696 817 747 novis
829 698 954 754 vestibus
957 706 1054 758 indue

114 786 196 835 bantr·
207 796 260 834 tuna
278 786 351 835 sedes
366 784 532 845 'capientibus
543 779 663 850 χέρνιβα
689 783 794 836 afferunt
805 782 914 835 timulae
935 799 962 835 et
978 800 1050 839 men·

114 884 164 919 sam
178 874 320 931 apponunt,
337 872 399 920 cibis
415 872 554 935 repletam,
571 871 661 935 quibus
675 876 704 916 ut
719 864 867 917 ert-libidine
883 880 998 932 utantur,
1016 870 1059 920 li·¹

113 952 227 1002 beraliter
243 964 289 1001 eos
303 952 421 1005 iuvittnt.
456 952 575 1007 Cubitum
595 955 666 1007 lturis
683 952 817 1015 aliquando
830 949 939 1009 repetita
955 962 996 1002 est
1010 953 1047 1003 la·
1099 950 1119 987 '¹
1198 954 1201 962 '

85 1076 89 1083 ,
113 1036 195 1101 vatio,
211 1047 299 1086 uteta
317 1049 414 1087 summo
431 1029 502 1089 inane
517 1028 675 1103 surgentibus
686 1044 765 1100 'atque
782 1033 979 1110 discedentibus.
1010 1068 1022 1091 ,
1052 1054 1113 1105 213·

140 1106 165 1181 ’5.
183 1136 210 1184 5.
244 1121 297 1183 Ipsi
317 1123 429 1185 hospites
443 1126 563 1176 abeundi
591 1122 690 1173 veniam
720 1131 806 1184 petere
829 1120 964 1180 solebant,
985 1134 1049 1183 quos

109 1208 201 1257 diutius
220 1208 331 1258 detinere
347 1222 397 1259 non
416 1210 518 1261 licebat.
583 1241 592 1260 .
690 1238 699 1257 ·
796 1215 837 1256 ·'·¹
902 1233 913 1254 ο
1006 1236 1020 1257 .
1051 1219 1113 1271 444.

139 1290 163 1350 ς.
178 1288 206 1342 6.
238 1290 351 1342 Abituris
365 1306 442 1344 coena
458 1306 571 1356 paratura
588 1290 636 1343 dlis
652 1290 764 1342 libatura
785 1286 921 1342 6844444446
938 1287 1048 1339 invicem

99 1376 173 1426 bona
192 1388 307 1437 quaeque
324 1374 373 1425 sibi
392 1389 564 1437 apprecantut.
684 1400 695 1428 a
792 1402 803 1427 .
901 1407 911 1427 .
941 1391 946 1399 ’
1009 1406 1019 1427 .
1051 1379 1112 1440 643.

142 1450 209 1535 5..7
244 1459 360 1522 Denique
382 1460 500 1533 abeuntes
522 1458 621 1521 cibo,
615 1470 696 1520 potu,
712 1457 788 1521 aliis,
803 1460 895 1523 qussrus
915 1459 940 1510 ln
960 1460 1049 1513 itinere
1116 1457 1123 1485 '

18 1576 19 1591 2
110 1558 168 1605 opus
184 1554 268 1605 esset,
284 1542 427 1603 cumulant,
449 1542 474 1591 in
492 1542 577 1604 pliaitis
597 1526 741 1609 Ἑὲινηΐοις,
757 1558 821 1607 quae
846 1541 916 1594 vitria
940 1548 1020 1597 44444.
1051 1542 1111 1598 446.

18 1622 20 1705 ξ
61 1629 128 1691 capnt
142 1628 215 1677 XIV.
248 1627 287 1677 De
302 1626 545 1687 supplicatione.

18 1680 19 1733 ’
140 1711 164 1776 5.
185 1727 209 1764 4.
240 1710 280 1761 De
290 1721 389 1760 sunttno
404 1712 514 1775 honore,
530 1728 581 1777 quo
594 1714 708 1778 hospites
718 1712 769 1763 fere
787 1710 926 1774 habebant,
943 1722 970 1761 et
978 1725 1048 1775 grava

109 1809 204 1858 poena,
220 1809 284 1858 quae
292 1792 534 1859 annitebatntjustos‚
551 1798 687 1862 quiquid'
680 1812 706 1849 tn
724 1797 836 1858 hospites
852 1795 1020 1859 deliquerant,
1050 1810 1110 1863 217

134 1884 157 1943 §⁴
175 1897 203 1933 4.
237 1877 374 1931 PerZeum
387 1878 516 1941 praecipue
530 1882 715 1943 supplicabant.
734 1891 910 1941 nonnunquam
930 1880 1055 1941 perdens

18 1966 19 1971 ’
108 1980 212 2027 4444444
229 1977 362 2027 parentes,
379 1976 490 2026 uxores,
507 1964 619 2027 liberos,
636 1966 701 2013 bona
723 1974 749 2013 et
767 1976 809 2013 res
825 1965 926 2013 omnino
944 1960 1043 2015 carissi·

18 2112 19 2117 1
107 2066 168 2104 4444.
202 2051 253 2102 Per
269 2060 392 2101 exsertam
411 2056 543 2101 mammam
568 2046 672 2097 Hectori
689 2043 840 2106 supplicavit
857 2046 972 2097 Hecuba.
1006 2079 1016 2099 .
1047 2046 1107 2100 218.

136 2136 161 2199 ς.
178 2150 207 2198 3.
239 2134 278 2185 Eo
294 2130 382 2185 ’4444444
402 2136 508 2185 tendunt
526 2131 711 2193 supplicantes,
732 2130 798 2179 unde
818 2142 892 2191 opem
917 2143 1015 2191 petunt.
1046 2146 1108 2197 444.

135 2222 161 2285 5.
177 2234 204 2284 4.
239 2220 277 2270 Ut
300 2220 332 2295 ala
358 2221 428 2271 omni
445 2218 531 2281 injuria
548 2234 575 2271 se
595 2225 664 2268 tutos
681 2226 853 2277 praestarent,
877 2212 946 2275 pacis
961 2214 1043 2277 quotl-

106 2304 158 2354 dant
176 2301 275 2365 signum
293 2300 406 2357 ferebant
423 2305 611 2367 supplicantes,
627 2311 680 2363 quo
695 2298 784 2350 muniti
803 2298 890 2349 hostes
904 2295 981 2349 etiam
999 2300 1044 2349 ad·
1100 2305 1116 2339 -·

102 2378 361 2451 eunt‚ut0htyses.
471 2398 512 2438 .”
577 2417 587 2435 .
685 2419 695 2437 .
793 2416 803 2435 .
899 2414 910 2435 .
939 2399 943 2405 ’
1005 2394 1022 2435 .’
1047 2395 1106 2451 449.

135 2467 159 2529 §t
176 2481 201 2532 5.
232 2467 275 2517 Ad
287 2482 367 2531 genua
382 2464 450 2531 eius,
467 2468 508 2520 cui
526 2470 753 2533 supplicant,·sese
767 2480 946 2532 prosternunt,
963 2483 1043 2533 esque

103 2552 292 2612 amplectuntur.
326 2548 393 2599 Tunt
413 2563 522 2603 mentum
540 2568 667 2619 tangunt,
685 2554 849 2607 utinterdottt
869 2554 946 2605 altera
968 2545 1043 2605 manu

19 2630 20 2637 ’
104 2650 198 2700 genua,
216 2633 419 2685 alteramentutn
442 2647 564 2692 tenerent.
678 2676 687 2694 .
785 2673 796 2692 .
893 2669 904 2689 .
1003 2666 1013 2689 .
1044 2652 1106 2699 220.

135 2718 205 2781 5.6.
235 2715 353 2767 osculari
376 2734 476 2784 quoque
491 2737 570 2785 genua
583 2724 709 2776 solebant
776 2716 853 2777 “.”.
895 2754 905 2775 .
1002 2748 1012 2776 a
1044 2721 1105 2780 444.

134 2805 159 2867 ς.
175 2816 203 2868 7.
236 2800 278 2850 66
293 2800 376 2852 focum
397 2818 420 2856 s.
434 2806 511 2856 larem
537 2806 671 2872 aliquando
693 2807 841 2906 considente
859 2808 887 2860 in'
905 2804 990 2857 linire
1008 2808 1051 2858 46

103 2886 167 2939 fore's
184 2886 251 2936 sedit
269 2884 374 2945 ulysses
385 2888 522 2939 mendicus
567 2919 579 2944 .
676 2924 686 2944 .
786 2927 796 2945 .
893 2924 904 2945 ,
1002 2896 1104 2948 ..444

134 2946 161 3033 5.
183 2969 210 3029 8,
243 2967 285 3026 66
300 2982 354 3021 tras
370 2968 497 3035 denique,
514 2972 557 3023 ubi
572 2974 689 3039 aderant,
706 2974 894 3039 confugiebant.
1000 3007 1011 3029 ι
1041 2990 1102 3032 444.

319 3134 492 3187 Ltus-R
535 3138 812 3206 QUARTUS.

54 3299 121 3364 Caput
135 3304 160 3356 1.
191 3302 233 3355 De
248 3298 406 3364 agricultura.
461 3304 474 3335 -’“
532 3308 535 3317 “
584 3312 586 3321 ’
948 3372 951 3377 .
1049 3352 1052 3356 .

130 3388 153 3443 ς.
173 3402 197 3449 1.
231 3388 356 3449 ,ignorum
376 3386 497 3439 culturam
514 3390 587 3441 novit
602 3404 671 3445 aetas
680 3394 802 3457 heroica
818 3406 869 3456 qua
877 3396 980 3460 singulis
991 3410 1038 3449 sut

103 3486 159 3522 arva
172 3470 283 3523 terminis
302 3469 418 3521 distincta
439 3469 539 3521 fuerunt
544 3488 634 3537 ‚quae
650 3477 714 3527 vel
707 3476 758 3548 apsi
762 3477 811 3527 'vel
827 3477 894 3529 servi
913 3480 1040 3539 colebant.
1101 3505 1112 3521 ›-

101 3554 168 3611 6444
179 3565 262 3603 autern
282 3551 405 3614 lapidibus
419 3552 623 3617 distinguebant
640 3562 671 3612 de
688 3560 811 3612 mensuris
827 3559 890 3611 nihil
900 3570 1009 3618 constat.
1040 3580 1100 3633 443.

109 3626 204 3701 Ι5..4
237 3638 279 3689 De
295 3637 450 3687 stercorandi
466 3650 529 3689 arte.
574 3671 583 3692 .
680 3675 690 3694 .
746 3648 750 3654 '
786 3673 796 3694 .
893 3675 904 3695 .
999 3655 1099 3714 .444.

129 3730 153 3787 ς.
169 3740 194 3787 3.
230 3724 271 3773 De
283 3724 367 3775 bourn
387 3720 582 3788 epularumque·
572 3744 600 3781 tn
620 3730 731 3782 aratione
741 3744 832 3796 ,usu,
856 3742 902 3781 eos
916 3732 1049 3796 iungendi·
1118 3737 1131 3746 ”

101 3820 191 3871 more,
208 3820 234 3859 et
252 3809 326 3859 aratri
340 3809 442 3860 materia
457 3822 487 3858 ac
509 3811 599 3865 forma.
675 3844 684 3864 .
782 3844 793 3865 .
889 3848 900 3870 .
925 3824 930 3839 ¹
1039 3834 1100 3886 443.

129 3893 153 3951 ς.
169 3906 197 3954 4.
231 3892 269 3945 De
283 3908 383 3957 messe,
399 3895 524 3957 variisque
541 3894 566 3945 in
581 3911 609 3947 ea
624 3897 788 3951 laboribus·
890 3935 901 3955 .
994 3932 1005 3955 .
1037 3890 1100 3956 448.

128 3969 154 4035 5.
166 3988 198 4040 3.
232 3978 272 4031 De
288 3977 630 4041 ventilatione,et'trltura.
670 4013 709 4033 ..
742 3988 744 3996 ’
778 4015 789 4037 .
885 4013 897 4038 ο
995 4016 1007 4039 .
1037 3999 1100 4053 4494

131 4054 199 4129 ist.
231 4064 839 4131 neruumvinearutnculturtetitlulerait.
864 4090 898 4121 s
927 4094 934 4115 ι
993 4096 1010 4120 .
1036 4078 1087 4133 444
1182 4059 1184 4062 ’
