2800 4767
357 256 833 359 ἨὈ--ΜΕΒἸΟΑμ
954 233 956 236 ¹
1059 225 1122 364 gra

768 478 774 487 “
1005 469 1012 537 ἕ
1083 498 1126 540 Ι)

375 569 773 607 m
1120 572 1124 580 ¹

242 752 901 875 cerursuxruu
1070 823 1074 832 ·
1199 862 1208 894 ,

294 1008 348 1067 nr
379 1000 592 1066 runcinus
624 1002 680 1062 na
711 962 856 1057 vo'rrs.¹

85 1244 115 1343 ξ.
144 1270 177 1321 r.
199 1239 203 1243 ’
225 1201 289 1318 Ita
308 1239 376 1315 rite
392 1241 527 1318 lustrati
543 1254 582 1319 et
600 1240 681 1344 puri
700 1242 747 1319 ad
764 1241 905 1344 pietatis
923 1243 1036 1327 officia
1051 1273 1107 1324 ex·

46 1340 217 1445 sequenda
244 1366 282 1415 se
309 1340 556 1434 conserebant,
586 1368 784 1446 quaecum
815 1336 995 1419 sacrificiis
1027 1348 1105 1421 Diis

46 1440 282 1543 praestabant,
306 1452 383 1512 tum
401 1442 565 1541 precibus
588 1466 628 1515 ac
655 1442 754 1522 votis.
806 1441 893 1514 Suae
916 1443 1012 1516 enim
1039 1444 1108 1525 sibi

49 1539 287 1615 imbecillitatis
306 1541 459 1629 conscii,
484 1565 572 1642 quae
591 1541 661 1641 ipsi
680 1538 820 1619 efficere
845 1567 918 1613 non
944 1555 1108 1642 poterant

47 1641 157 1713 omnia
192 1641 231 1712 in
263 1639 418 1711 Deorum
445 1652 618 1739 potestate
644 1639 759 1739 posita
783 1638 984 1715 credebant.
1034 1642 1109 1714 Hos

51 1739 145 1837 igitur
176 1736 243 1811 sibi
261 1737 431 1836 propitios
446 1736 594 1823 reddere
613 1762 633 1809 e
653 1764 690 1809 re
710 1764 771 1811 sua
790 1737 986 1831 ducebant,
1011 1739 1119 1839 quod⁴

48 1838 211 1936 (humana
237 1838 354 1907 omnia
382 1832 428 1908 ad
448 1837 541 1913 Deos
561 1836 825 1931 transferentes)
848 1863 921 1912 non
942 1839 1108 1938 precibus

52 1950 181 2009 tantum
210 1934 301 2007 effici
321 1933 590 2024 existimabant,
621 1933 763 2008 sedvel
786 1936 936 2013 maxime
958 1940 1110 2010 muneri·

53 2032 111 2109 bus
128 2032 257 2107 oblatis
276 2034 434 2134 votisque
454 2032 643 2136 susceptis,
671 2031 805 2133 ¹quibus
830 2048 943 2107 motos
966 2036 1119 2111 immor·⁴
1146 2046 1151 2055 '

52 2133 127 2207 tales
158 2130 290 2207 facilius
317 2157 440 2229 preces
474 2158 552 2207 suas
580 2132 802 2207 exaudituros
833 2130 901 2205 sibi
929 2158 1108 2230 persuase-

53 2245 133 2305 rant
183 2232 279 2306 Vota
304 2230 380 2309 illis
395 2230 507 2304 faeere
529 2256 575 2309 ne
597 2230 718 2329 ligenti
732 2248 751 2286 ²
770 2256 858 2306 vana
875 2246 956 2303 sunt
978 2244 1014 2303 et
1032 2234 1110 2303 irri-

54 2342 84 2405 ta
102 2354 330 2431 quaecunque
352 2354 449 2403 susce
476 2330 551 2402 erit.
618 2329 984 2428 rosperumenim'srei
1006 2354 1112 2404 eren.

54 2441 142 2520 tum,
169 2439 212 2505 ut
232 2427 299 2501 hae
315 2440 424 2501 aetate
448 2356 631 2502 iiominum
651 2424 697 2499 de
722 2429 800 2501 Diis
818 2427 936 2525 opinio
955 2426 1111 2520 ferebat,

53 2528 97 2605 illi
124 2524 261 2602 invidet
291 2551 451 2617 numen,
487 2538 592 2625 μέγῃρε
621 2528 679 2625 γάρ
711 2526 781 2598 02⁵.
839 2526 898 2597 Sic
928 2524 1044 2597 dando
1070 2553 1111 2599 ac

53 2625 200 2729 petendo
217 2624 381 2701 universa
400 2625 649 2699 conficiebatur
670 2621 806 2721 religio.
863 2624 918 2696 De
947 2622 1114 2724 precibus

53 2728 199 2826 primurn
220 2749 385 2823 agemus,
409 2726 457 2797 ita
474 2722 619 2818 iubente
637 2722 813 2801 humanae
831 2723 1044 2797 necessitatis
1055 2719 1119 2795 lea'

54 2849 106 2922 ge,
130 2823 192 2898 cui
210 2846 331 2897 omnes
350 2820 493 2920 subjicit
513 2822 712 2898 Homerust
805 2901 808 2905 ,
1236 2813 1241 2828 ”

218 2943 225 2957 ·
258 2928 369 3006 Πάντες
393 2924 424 2994 δὲ
448 2928 516 2993 θεῶν
540 2918 819 3015 χατέουέἇνθρωπα
834 2921 864 2995 l.
910 2969 918 2979 ι

51 3018 96 3096 Ut
114 3029 231 3093 autem
252 3019 336 3093 varii
352 3023 434 3091 sunt
449 3014 645 3091 communis
662 3015 751 3089 vitae
774 3040 874 3103 usus,
901 3017 950 3089 ita
970 3042 1110 3120 quoque

51 3120 155 3195 variae
175 3118 481 3219 sueruntprecas,
505 3116 677 3213 variisque
689 3112 799 3185 factae
811 3115 909 3206 Diis,
934 3130 1038 3215 prout
1049 3144 1112 3191 sua

54 3217 188 3317 singulis
208 3215 320 3289 officia
350 3240 423 3289 esse
444 3213 687 3290 credebantur.
737 3212 881 3311 Trojani
907 3213 952 3287 de
973 3217 1112 3290 civitate

54 3341 106 3393 tua
131 3308 366 3417 periclitantes
392 3312 553 3387 Athenen
578 3317 750 3409 ἐρυσίπτολιν
761 3312 931 3386 invocant
948 3311 982 3405 ⁵3
1006 3314 1111 3388 Proci

55 3416 172 3489 Penelo
200 3436 236 3485 es
257 3414 296 3500 ln
319 3411 506 3511 sagittandi
521 3410 713 3485 certamine
731 3409 930 3509 Apollinem
947 3410 986 3503 6;
1011 3408 1118 3487 narb·

57 3439 416 3613 ganteslbseidonem
435 3524 471 3585 et
491 3510 670 3594 Castorem
686 3525 724 3593 73
750 3509 808 3583 alii
820 3508 923 3602 alios,
948 3535 1035 3611 quos
1052 3536 1115 3611 pe-

973 3659 977 3666 ·
1054 3636 1116 3685 GU!

83 3784 109 3855 ι)
125 3784 188 3842 vit.
206 3802 229 3839 e·
243 3802 267 3855 g.
285 3783 319 3850 ll,
333 3782 382 3855 1x,
399 3784 451 3854 495
466 3800 538 3855 seqq.
624 3782 655 3855 η)
672 3780 757 3859 Quen
771 3780 895 3848 dicebant
911 3782 961 3837 oria
978 3782 1105 3838 decertate

57 3866 123 3923 rtll.
137 3866 239 3939 XXIII,
255 3870 316 3923 865.
383 3864 411 3933 ὅ)
421 3864 458 3918 Ut
473 3862 507 3925 11.
524 3864 556 3922 L
570 3862 591 3923 l.
607 3883 645 3923 rs.
661 3868 719 3921 865.
737 3863 780 3921 cll.
795 3882 881 3933 praec,
899 3882 937 3921 vs.
1005 3864 1036 3932 4)
1053 3865 1106 3925 0d.
1206 3907 1210 3917 .

56 3946 167 4019 lll,48·
249 3944 504 4029 5)ll,.Vl,5c5.'
572 3944 838 4032 illoti-lillis&
917 3944 1110 4019 llum-in

59 4027 152 4093 Poteid,
168 4049 207 4091 vs.
221 4049 247 4103 7.
280 4028 323 4089 Gi.
339 4028 437 4098 lirun.
454 4030 483 4087 in
497 4026 664 4101 Διοσκόρους
679 4028 716 4087 11.
733 4045 771 4084 vs.
787 4045 813 4099 9.

731 4095 830 4198 ⁴133
953 4120 994 4192 γ
