2800 4767
253 143 331 308 su
521 140 1043 321 sumpturis
1141 193 1144 198 ’
1246 244 1249 252 ,

269 409 368 500 riso,
395 427 529 482 summu
557 402 592 474 vi
616 401 653 476 in
681 399 798 472 hostes
820 401 959 473 irruunt
985 398 1214 516 illi,·qu·ibus
1233 411 1337 501 prae&
1385 464 1386 481 ,

267 508 359 596 fuit,
394 531 460 580 nec
488 531 506 575 a
532 527 648 600 pugna
684 513 845 585 cessant,
882 499 951 570 nisi
977 513 1036 570 aut
1072 526 1139 596 1ps1
1175 529 1335 574 succum·

267 606 377 696 hunt,
403 615 463 676 aut
485 601 615 674 mortui
637 600 784 671 cadaver
807 601 953 670 victores
970 598 1127 670 reserant.
1178 602 1336 672 Plurima

269 730 379 807 eaque
403 701 571 776 acerrima
594 696 779 796 ejusmodi¹
797 695 987 768 certamina
1015 699 1178 771 meminit
1208 701 1338 770 Home·

199 813 203 818 ’
234 833 236 838 ·
271 831 357 887 rus,
383 826 472 902 quae
488 823 535 872 ne
565 795 703 896 singula
729 819 992 879 recenseamus,
1018 793 1172 868 hostium
1189 797 1236 868 de
1256 800 1337 870 Sar·

273 901 424 1004 pedonis
454 911 492 970 et
520 893 673 968 Patrocli
707 891 875 964 cadavere
919 918 1130 968 concursum
1162 921 1338 968 memore·

274 1028 354 1074 mus
372 1019 409 1081 ¹,
435 1021 545 1099 quos,
581 1018 685 1066 suum
721 993 851 1092 quique
883 990 1030 1078 ducem,
1045 988 1147 1064 '‘hinc
1172 994 1336 1091 Trojaui,

275 1099 377 1174 illinc
397 1095 552 1182 Graeci,
578 1090 674 1165 haud
695 1091 773 1162 sine
805 1111 929 1185 magna
955 1089 1062 1162 caede
1088 1092 1224 1164 auferre
1243 1095 1342 1164 nite-

277 1197 429 1287 bantur,
453 1207 489 1266 et
523 1215 563 1264 re
593 1215 673 1262 vera
697 1187 935 1273 abstulerunt,
967 1200 1178 1289 postquam,
1201 1193 1342 1290 saepius

278 1297 427 1395 repulsi,
453 1287 642 1386 maioribus
671 1285 791 1359 denuo
812 1287 945 1359 viribus
978 1313 1131 1386 pugnarn
1157 1290 1345 1362 instauras·

278 1409 377 1472 sent:
411 1389 632 1493 quinetiam
653 1399 751 1458 tanto
780 1385 1026 1500 defunctorum
1051 1387 1216 1460 caderem
1242 1414 1344 1461 recu·

277 1495 427 1598 perandi
451 1485 567 1562 studio
595 1483 818 1568 ferebantur,
844 1498 884 1554 ut
914 1482 968 1555 vel
991 1485 1102 1556 mrito
1119 1490 1267 1559 numine
1286 1486 1347 1558 de·

274 1592 500 1678 cernendum
512 1610 588 1658 esse
604 1581 671 1658 sibi
690 1579 954 1678 persuaderent.
1004 1583 1126 1684 ltaque
1143 1585 1342 1674 Menelaus,

280 1695 326 1768 ab
346 1697 499 1767 Hectore
517 1680 702 1758 aPatrocli
715 1681 883 1754 cadavere
901 1678 1083 1782 repulsus,
1101 1688 1347 1783 cum'Ajacem

282 1794 321 1869 in
344 1790 509 1866 arixilium
529 1794 705 1870 vocasset,
803 1866 807 1874 Ι
1250 1794 1254 1802 ·

364 1893 493 1990 Ἀμφω,
519 1881 657 1984 inquil,
682 1877 759 1962 nin,
780 1886 862 1964 ἰόντες
887 1886 1113 1977 ἰπιμνησαῳεθα
1132 1895 1274 1981 χάρμης,
1293 1875 1300 1884 '

382 1999 444 2063 Kar·
459 1993 525 2080 πρὸς
542 1989 658 2074 lapaut
680 2009 752 2076 nep,
777 1987 860 2060 εἷπως
882 1988 1056 2077 ἔρυᾶαιμεθα
1077 1991 1171 2078 νεκρὸν

384 2088 510 2179 Huirr'clp
535 2079 655 2176 Ἀχιλῆϊ
661 2102 670 2120 ·
697 2095 791 2149 runnu
814 2079 844 2149 δέ
866 2108 898 2148 κε
925 2093 1059 2178 φέρτατον
1080 2090 1123 2162 εἴη
1139 2097 1169 2154 ².

286 2187 391 2285 Quod
425 2185 455 2258 si
484 2179 541 2254 vel
574 2181 623 2251 sic
661 2178 752 2249 oaesi
782 2176 949 2249 cadavere
978 2179 1096 2250 hostes
1133 2180 1351 2279 potirentur,

287 2291 383 2392 quod
405 2283 578 2381 reliquum
603 2288 698 2361 erat,
724 2276 782 2374 pie
802 2273 975 2349 faciebant
995 2279 1123 2375 propin
1152 2281 1206 2365 ui,
1233 2271 1275 2350 ut
1299 2277 1353 2349 vel

169 2384 172 2392 ’
287 2405 424 2463 summo
447 2380 561 2479 pretio
586 2388 762 2446 mortuum
788 2373 1001 2447 redimerent
1024 2389 1060 2448 et
1081 2305 1282 2448 reilemtum
1301 2403 1354 2449 se·

317 2485 452 2558 ulturae
482 2475 603 2548 debito
641 2473 773 2544 honore
800 2488 966 2546 ornarent
990 2474 1018 2548 5.
1079 2475 1269 2572 Egregium
1303 2489 1355 2546 est

291 2515 423 2674 Hrirrmi
460 2574 553 2650 senis
579 2570 799 2668 exemplum,
838 2573 899 2668 qui
923 2571 991 2646 ,filii
1019 2575 1150 2645 mortui
1179 2572 1356 2646 desiderio

291 2689 418 2760 ductus
439 2671 626 2748 saevissimi
642 2667 788 2741 Achillis
815 2672 1004 2744 terrmrium
1030 2670 1099 2761 deo
1124 2671 1216 2744 duce
1244 2671 1354 2762 adiit,

291 2801 328 2860 et
358 2775 524 2852 carissimi
558 2767 719 2841 Hectoris
748 2763 922 2847 cadaver,
954 2771 1115 2843 maximis
1139 2771 1185 2844 ab
1210 2773 1357 2844 inimico

292 2876 500 2960 munoribus
520 2866 739 2952 redemtum,
764 2863 872 2937 laetus
888 2867 1031 2968 Trojam
1059 2895 1179 2941 secum
1197 2870 1314 2942 avexit
1330 2871 1358 2942 4.

344 2983 373 3078 q,
400 2983 435 3066 4.
487 2971 641 3054 Herum,
660 2989 708 3037 ne
730 2976 869 3054 tantae,
896 2993 1002 3067 quam
1021 2967 1194 3061 disimus,
1221 2969 1361 3041 calami·

295 3085 377 3154 tatis
397 3089 432 3146 et
449 3066 661 3167 ignominiae
680 3061 875 3162 periculum
905 3065 1084 3154 subirent,
1105 3082 1185 3141 ante
1203 3094 1360 3167 pugnam

294 3174 484 3256 ineundam
522 3161 755 3262 (singularem
790 3186 943 3259 pugnam
977 3163 1083 3256 dico)
1126 3163 1171 3238 de
1206 3165 1361 3240 cadave-

295 3274 394 3353 r'ibus
418 3281 496 3368 post
522 3261 721 3336 certaminis
745 3259 853 3332 finem
874 3263 944 3334 suis
975 3263 1020 3338 ad
1040 3263 1251 3360 sepulturam
1281 3262 1362 3336 red-

297 3375 422 3452 dendis
463 3376 564 3465 pacto
585 3357 787 3437 ,interdum
828 3361 1009 3434 cavebant.
1069 3363 1202 3436 Hector
1238 3364 1358 3452 enim,

297 3475 515 3554 Achivorum
537 3481 713 3560 quemque
730 3453 959 3532 fortissimum
981 3487 1195 3561 provocans,
1221 3465 1289 3536 has
1307 3487 1363 3561 po·

686 3611 688 3616 ,
1300 3575 1364 3631 smt

225 3755 228 3764 ‹
343 3783 371 3850 ι)
389 3781 429 3836 ne
446 3771 601 3848 Sarpedonis
616 3768 739 3822 cadavere
761 3779 891 3824 certamen
913 3768 964 3825 vit.
982 3768 1015 3825 H.
1033 3769 1110 3840 XVI,
1128 3773 1177 3826 565
1191 3789 1285 3841 seqq„
1302 3767 1364 3841 quoi

279 3864 282 3874 ’
307 3869 501 3932 redintegratur
519 3875 551 3907 rs.
570 3854 621 3904 635
636 3870 724 3920 scorp:
741 3852 773 3904 de
791 3851 926 3905 Patrocleo
948 3851 981 3907 ll.
997 3851 1070 3931 RVH
1078 3896 1086 3921 ,
1106 3873 1173 3922 120,
1192 3858 1241 3908 256
1257 3875 1328 3925 seqq,
1341 3855 1366 3904 in

305 3949 401 4024 primis
426 3962 462 3998 vs.
483 3941 534 3996 543
557 3951 627 4005 seqq.
659 3945 686 3986 et
716 3936 767 4006 592
790 3952 861 4003 seqq.
952 3920 976 3942 ’
1001 3934 1365 4010 nlll.lll‘11,⁴1o3seqq.

299 4035 329 4102 ὅ)
349 4033 389 4086 Dc
404 4043 456 4100 quo
472 4022 524 4081 rid.
543 4020 612 4098 L·.¹·
629 4032 653 4071 u·
670 4018 712 4076 14.
835 4015 866 4085 4)
884 4014 946 4073 vit.
964 4015 995 4074 ll.
1011 4017 1101 4075 tttV.
