2800 4767
275 277 315 326 su
347 326 359 337 ,,
553 267 730 329 arants
765 225 1090 338 consparsas.

347 428 455 515 noant,
464 429 589 495 aviuihllus
598 444 648 495 par
663 442 744 499 enarra
753 428 884 495 ilitposit’n
895 430 1030 493 mulosque
1041 431 1142 497 lumbus
1155 436 1280 490 tenum.

344 516 396 575 lpsi
410 514 532 577 ‘periurium
548 514 581 572 ln
595 518 727 569 custodum
745 512 896 576 diligentiam
911 514 1052 576 inquisituri
1069 530 1115 579 per
1134 532 1214 569 castra
1228 518 1281 582 dis·

347 600 487 651 currebant.
527 596 584 663 Quo
603 612 746 662 spectarunt
759 598 880 669 ‚Nestoris
899 612 925 650 et
944 599 1062 650 Hectoris
1081 597 1192 663 monita,
1213 616 1279 663 quae

343 683 489 739 afferuntur.
601 714 612 736 ο
710 712 721 735 ι
817 713 829 737 ο

310 800 313 805 ·
378 770 401 832 5.
420 785 445 833 5.
482 772 521 821 De
536 764 754 829 exploratoribus,
771 763 815 830 qni
830 764 944 828 utrinque
960 759 1131 817 mittebantur.

280 850 363 917 Caput
376 854 437 905 brar.
471 854 511 903 De
533 865 625 919 pugna.

376 931 399 995 5.
419 951 443 987 r·
478 935 546 986 Raro
568 935 700 987 universus
712 932 838 985 exercitus
855 946 953 986 manutn
973 934 1137 986 conserebat:
1153 936 1282 1003 principes

341 1020 485 1083 plerumque
500 1017 640 1090 πρόμαχοι
653 1020 804 1081 pugnabant.

309 1124 311 1129 ’
373 1102 399 1175 5.
417 1118 442 1155 ο.
476 1106 660 1169 Disciplinam,
679 1103 809 1153 militarem
841 1116 915 1165 quant
932 1102 1049 1154 dixemnt
1065 1106 1236 1172 recentiores,
1252 1108 1297 1168 in⁴

342 1186 445 1238 harnnm
464 1192 518 1242 acie
536 1190 625 1244 fcttstta
646 1186 799 1249 quaesiveris
823 1186 972 1239 etractices
987 1193 1039 1236 non
1063 1192 1109 1241 nisi
1125 1194 1205 1254 prima
1224 1175 1284 1247 ele-¹

341 1283 423 1330 ructata
442 1272 576 1329 inveneris.
609 1274 728 1323 Tactices
746 1273 817 1322 laude
833 1272 924 1323 ceteris
940 1272 1058 1322 excelluit
1074 1275 1181 1337 Nestor,
1197 1292 1212 1325 a
1228 1292 1285 1348 quq

338 1359 396 1416 data
414 1374 542 1423 praecepta
554 1373 714 1426 secernentur
725 1382 743 1421 ,·
753 1370 815 1419 quae
833 1367 942 1407 ceterum
953 1368 982 1406 ut
991 1372 1005 1405 a
1014 1359 1118 1408 ducibus
1132 1358 1167 1429 ita¹
1180 1375 1194 1409 a
1210 1363 1285 1417 mili·,

256 1452 259 1457 ·
297 1509 299 1515 ,
340 1439 407 1489 tibus
422 1440 472 1492 fere
488 1446 599 1507 neglecta
614 1454 681 1495 stant.
715 1442 869 1516 llisHeynii
887 1445 918 1497 de
933 1447 1040 1497 vocibus
1056 1442 1168 1516 dutiae,
1185 1448 1284 1520 στίχες

300 1518 304 1529 “
339 1534 367 1577 et
381 1521 523 1595 ocii-mec
537 1532 657 1581 sententia
675 1528 800 1586 adjicitur.
915 1562 924 1582 .
1023 1566 1034 1585 .
1130 1565 1141 1583 .
1239 1564 1251 1584 .
1285 1548 1341 1596 329.

370 1612 394 1668 §-
411 1628 436 1675 5.
472 1615 616 1679 Priusquam
634 1628 742 1677 pugnam
762 1612 866 1675 inirent,
883 1612 934 1664 cibi
950 1627 1075 1678 potusque
1093 1618 1217 1671 desiderio
1237 1618 1279 1669 in·

345 1692 497 1771 duluehan13
515 1702 582 1760 quud
601 1702 632 1749 ab
650 1695 750 1747 Achille
770 1696 910 1758 neglectum
929 1698 1088 1757 reprehendit
1104 1703 1218 1765 Ulysses.
1286 1718 1342 1768 332.

363 1779 400 1849 §-
419 1798 445 1843 4
476 1787 569 1837 Manus
603 1778 743 1835 conserturi
764 1778 866 1829 demum
900 1783 999 1843 reniam
1027 1785 1144 1846 precibus
1162 1788 1283 1849 votisque

196 1910 261 1930 Ι,
340 1864 516 1928 implorffabant
599 1903 608 1923 .
706 1899 716 1917 .
813 1897 824 1914 ·
920 1896 929 1915 ·
1026 1901 1036 1919 ο
1136 1902 1145 1921 ·
1243 1902 1254 1922 ·
1287 1887 1342 1934 333·

371 1952 399 2015 5.
416 1970 442 2021 5.
475 1956 561 2011 Duces
579 1966 679 2019 qnoque
697 1949 834 1999 orationem
850 1946 975 1997 habebant
991 1951 1023 2001 ad
1040 1952 1146 2017 milites,
1162 1968 1211 2016 qua
1224 1954 1281 2011 qni.
1336 1996 1340 2000 Α

341 2050 409 2087 mum
427 2038 533 2091 fortibus
552 2047 689 2103 augerent,
706 2034 810 2098 ignavos
827 2033 1038 2094 reprehenderent
1055 2050 1082 2089 et
1099 2030 1142 2089 v'el
1160 2036 1233 2087 minis
1250 2038 1284 2087 ad

341 2117 450 2175 officinm
468 2122 549 2175 redire
567 2131 697 2189 cogerent.
814 2149 824 2165 .
923 2150 934 2170 .
1026 2155 1038 2176 ,
1134 2158 1147 2176 ,
1244 2156 1256 2176 ,
1290 2138 1344 2186 33³·

370 2205 395 2269 §-
411 2207 436 2259 6.
472 2210 502 2262 ln
530 2204 616 2271 primis
638 2216 720 2252 autem
744 2212 790 2250 suo
809 2200 886 2253 duces
904 2208 1019 2269 exemplo
1036 2206 1158 2259 militibus
1183 2208 1282 2257 animos

341 2295 477 2349 aldeham.
516 2294 580 2343 Nam
593 2288 667 2352 primi
686 2286 737 2337 fere
748 2284 840 2346 ubique
858 2289 979 2347 proelium
1000 2290 1104 2353 ineunt,
1121 2306 1165 2343 seu
1185 2294 1210 2344 in
1230 2295 1282 2355 pri·

343 2392 387 2434 uta
403 2380 457 2433 acie
468 2380 582 2441 adstent,
598 2389 642 2425 seu
656 2372 742 2423 ordine
752 2369 842 2421 relicto
855 2369 881 2419 in
893 2375 975 2432 spatio
985 2374 1049 2425 inter
1058 2388 1186 2437 utramque
1199 2376 1282 2427 aciem

274 2520 276 2523 ,
343 2462 428 2519 medio
446 2472 604 2515 concurrant.
653 2457 729 2523 Quod
751 2464 882 2515 antequam
901 2451 973 2505 fieret
994 2458 1134 2519 opprobriis
1153 2474 1227 2521 saepo
1250 2476 1282 2512 se

340 2545 453 2609 invicem
476 2548 615 2611 petebant,
646 2544 711 2593 unde
737 2536 896 2603 μονομαχία
919 2540 970 2592 iere
998 2541 1142 2603 oriebatur,
1167 2557 1181 2591 a
1209 2542 1282 2603 cuius

232 2644 235 2653 ⁴
270 2674 274 2687 .
341 2644 434 2691 eventu
451 2635 515 2687 ltrud
527 2643 584 2682 raro
604 2628 681 2678 totius
702 2626 789 2689 proelii
802 2626 900 2677 fortuna
915 2628 1050 2688 pendebat.
1083 2627 1153 2675 Haec
1167 2626 1281 2687 pluribus
1388 2685 1389 2688 Ἴ

348 2728 380 2769 ex
391 2716 551 2770 Phidiacum
563 2716 679 2784 Menelao
694 2709 854 2775 μονομαχίᾳ
867 2711 1017 2761 illustrantur
1027 2720 1053 2759 et
1064 2705 1250 2759 confirmantur.
1279 2724 1343 2773 335.
1388 2707 1389 2714 ’

376 2801 400 2863 5.
417 2820 452 2871 7.¹
479 2802 554 2864 Quod
572 2799 636 2850 siin
656 2812 748 2849 turmas
770 2808 863 2845 turmae
882 2795 1022 2855 irruebant,
1043 2792 1131 2855 ingens
1149 2794 1243 2843 clamor
1263 2787 1280 2843 a'

345 2886 550 2939 concurrentibus
561 2872 602 2935 edi
618 2885 731 2944 solebat,
743 2893 793 2941 qno
803 2877 915 2929 hostibus
924 2887 1043 2927 terrorem
1053 2876 1152 2941 sibique
1161 2877 1281 2929 virtutem
1388 2929 1389 2942 ,

339 2981 470 3031 augerent.
563 2980 568 2991 ⁴
599 3000 609 3019 ο
704 2999 716 3021 ο
812 2996 822 3014 0
922 2994 933 3012 ο
1028 2992 1038 3011 ο
1134 2991 1144 3010 ο
1239 2994 1249 3012 ο
1285 2962 1342 3025 336.
1388 3015 1389 3024 ,

372 3058 397 3115 5.
416 3056 440 3105 8.
477 3052 572 3103 Causae
589 3061 766 3112 recensentur,
782 3050 872 3112 quibus
893 3046 987 3095 factum
1005 3042 1053 3103 sit,
1076 3053 1103 3091 ut
1118 3042 1191 3091 vocis
1208 3041 1282 3092 clari·

322 3173 325 3179 .
340 3148 408 3199 tare,
419 3141 508 3198 pedum
519 3137 648 3201 agilitate,
660 3136 764 3201 aliisque
779 3132 891 3195 corporis
906 3129 1006 3180 dotibus
1016 3128 1093 3176 duces
1106 3125 1130 3174 in
1145 3126 1230 3187 primis
1244 3129 1278 3177 ab
1388 3185 1389 3188 Ἴ

295 3261 299 3275 .
341 3221 452 3276 Hutttero
468 3224 681 3275 commendentur.
808 3252 818 3269 ο
907 3249 924 3270 ,ο
1021 3245 1032 3263 ·
1130 3245 1140 3264 ·
1239 3244 1248 3263 ·
1284 3227 1342 3277 337·

372 3308 396 3369 S.
413 3323 439 3367 ο.
475 3308 504 3357 In
522 3306 618 3359 insidiis
634 3306 776 3369 praesertim
798 3302 916 3365 cujusque
935 3298 1043 3349 animum
1065 3295 1161 3357 optime
1170 3297 1279 3357 perspici

338 3390 487 3451 credebant,
497 3389 520 3437 in
535 3389 624 3451 quihus
637 3404 766 3451 propterea
775 3388 904 3445 fortiorem
914 3390 946 3439 ab
956 3382 1048 3435 imbelli
1060 3379 1130 3452 facile
1141 3378 1277 3448 discernas.

344 3470 468 3533 Quocirca
486 3487 516 3523 ne
532 3473 557 3522 in
573 3476 669 3527 insidiis
684 3476 783 3539 quidem
798 3476 881 3536 animo
897 3470 1018 3523 defecisse
1029 3463 1250 3528 gloriabantur..
1284 3463 1342 3522 338.

267 3606 274 3619 ,
373 3562 396 3605 5
417 3572 457 3609 ιο.
491 3559 543 3611 Ubi
559 3560 730 3633 concurritur,
745 3559 861 3611 noxiae
879 3567 975 3618 pugnae
995 3548 1197 3609 finemimponit.
1240 3552 1342 3609 ³39²

284 3640 593 3711 capmrxlll.1)aiis‚
610 3645 653 3706 qui
672 3644 697 3695 in
712 3657 793 3707 pugna
806 3642 849 3692 vel
866 3636 989 3692 vulnerati
1003 3634 1045 3684 vel
1062 3630 1128 3707 caesi
1142 3643 1223 3681 erant.

374 3728 398 3779 5
418 3740 440 3781 1.
474 3728 579 3789 Dens,
601 3727 819 3789 quimedicnes.
842 3726 924 3785 potius
945 3701 1114 3779 chirurgicus,
1136 3730 1208 3777 quarn
1234 3730 1282 3766 nos

344 3813 368 3861 di
373 3812 464 3873 cimus,
474 3811 532 3862 artis
541 3810 742 3875 peritiainsignes
756 3811 787 3859 ab
795 3811 906 3859 Homero
919 3807 1063 3856 laudamur:
1076 3814 1104 3849 ut
1115 3800 1216 3849 suntl’s
1203 3812 1283 3885 eon,

351 3898 464 3961 Chiron,
482 3896 819 3959 Aesculapius‚Macba0n,
837 3888 974 3941 Podalirius
983 3878 1285 3950 ,alii,quisagittascx·

342 3979 444 4042 cialere,
461 3978 551 4057 radicis
567 3980 688 4031 contritae
708 3982 810 4044 pulvere
828 3976 937 4037 inspersa
952 3968 1062 4020 vulneris
1078 3949 1190 4017 dolorem
1209 3969 1286 4018 lenire

344 4078 370 4119 tt
394 4050 517 4131 sanguinis
538 4063 690 4128 erutttpcntir
708 4058 954 4142 impetumcnhibere
974 4055 1015 4118 lin
1033 4066 1083 4114 quo
1103 4051 1260 4145 singularis'
1252 4067 1291 4103 tn·

1292 4148 1351 4186 can·
