2800 4767
386 291 820 399 np-nssrei.
960 274 966 289 ‘
1106 306 1129 377 5

18 526 21 535 ·
61 521 133 569 nen
151 512 190 569 ¹:
216 492 309 569 unde
337 490 509 584 tonitrua,
533 491 685 584 imbres,
712 492 847 599 aliaque
860 508 989 599 μετέωρα
1008 496 1129 577 subin·

61 594 98 666 de
120 592 179 666 Illi
197 592 320 672 tribuit
343 592 533 666 Homerus.
559 594 647 665 Erat
665 593 758 667 Huic
776 600 887 697 major
905 625 1012 699 quam
1031 614 1128 674 oete-

60 694 100 767 ris
131 694 186 767 vis
219 718 261 765 ac
288 702 461 792 potestas,
491 714 598 791 quem
632 689 741 780 adeo,
775 707 816 766 ut
843 694 1026 790 homines,
1056 700 1128 799 Ty·

59 793 149 864 ranni
181 790 290 864 instar
311 788 538 862 ¹verebantur
571 803 606 864 et
642 790 817 864 timebant
832 809 861 867 ².
930 797 994 869 Ast
1028 797 1128 873 idem
1193 813 1198 827 '

59 888 108 962 hic
130 888 242 988 ἄνδρων
260 918 290 962 τε
313 895 381 961 θεῶν
404 916 435 961 τε
457 898 555 985 πατὴρ
580 906 665 963 cum
689 887 833 989 reliquis
857 892 933 965 Diis
948 892 1008 967 mil
1033 896 1128 970 vaiet

59 1002 170 1061 contra
196 994 309 1086 Μοῖραν
333 1010 363 1061 a.
381 983 495 1079 Αἴσων,
518 986 647 1079 idest,
672 1012 747 1061 non
764 992 998 1065 intermissam
1026 992 1126 1068 iliam

58 1100 88 1157 et
113 1099 242 1159 cuncta
271 1083 473 1157 domantem
502 1085 593 1178 vim,
617 1111 687 1185 qua
710 1087 863 1161 humana
894 1090 1012 1164 omnia
1037 1091 1127 1175 fere·

57 1182 200 1258 bantur:
222 1184 354 1257 Fatum·
374 1182 499 1257 dicunt
524 1184 654 1259 Latini.
704 1185 806 1259 Hane
834 1187 950 1287 Μοῖραν
975 1190 1065 1264 Zeus
1089 1204 1128 1265 et

58 1296 162 1357 cetera
196 1283 363 1373 numina,
402 1295 573 1383 quatenus
611 1280 659 1355 ad
698 1283 839 1358 fatalem
878 1289 1127 1365 necessitatem

57 1382 226 1479 pertinet,
251 1406 295 1453 ex
323 1406 385 1455 sua
407 1380 584 1455 voluntate
603 1379 868 1474 administrare,
904 1385 962 1459 rel
994 1388 1128 1461 accele-

60 1505 128 1555 rare
153 1492 216 1555 aut
245 1478 387 1553 differre
410 1492 539 1579 potest:
573 1478 696 1553 tollere
722 1506 807 1570 vero
833 1496 870 1555 et
901 1499 1038 1558 mutare
1066 1512 1127 1559 ns·
1205 1524 1209 1529 ·

97 1579 166 1651 it5.
228 1578 345 1678 Ipsius
376 1576 465 1651 filiae
500 1591 582 1650 sunt
605 1603 765 1679 preces,
783 1583 918 1656 unet.
968 1584 1128 1659 Uxorem

137 1690 153 1749 t
183 1677 329 1767 Heron,
363 1681 534 1775 majorem
560 1701 604 1748 ex
635 1679 749 1750 mariti
775 1680 923 1780 imperio
950 1680 1123 1759 honorem

55 1789 203 1863 nactam,
228 1776 341 1847 Deam
364 1788 519 1848 ceterum
538 1774 716 1864 odiosam,
742 1776 949 1868 difficilem,
984 1782 1123 1855 iracun-

56 1874 143 1960 dam,
159 1870 287 1948 litibus
307 1885 344 1945 et
364 1870 538 1947 discordia
558 1873 770 1969 gaudentem
786 1876 817 1947 ⁵.
868 1878 980 1978 Hujus
999 1882 1124 1957 nuntia

55 1973 109 2046 Iris
124 1974 165 2063 ⁶,
193 1997 285 2072 quae
307 1984 427 2045 tamen
457 1970 534 2045 aliis
552 1974 657 2044 etiam
676 1973 753 2046 Diis
767 1973 978 2076 Duabusque
1002 1976 1124 2069 adest,

56 2087 85 2145 et
101 2074 253 2147 Hermae
280 2072 354 2143 fere
383 2082 501 2171 partes
526 2069 564 2141 in
592 2069 702 2144 Iliade
734 2069 804 2170 agit
819 2088 849 2146 7.
908 2076 1068 2149 ΕιἊειΌυιαι
1091 2103 1123 2152 s.

55 2162 191 2245 Euroia
223 2178 385 2268 preparetur
426 2168 647 2268 (promiscue
682 2170 787 2251 enim,
826 2169 933 2244 modo
971 2200 1077 2249 unam
1105 2177 1124 2230 ⁸

54 2272 148 2345 nodo
171 2268 333 2386 pluresa¹
350 2266 505 2366 Ilithyias
528 2279 700 2340 memorat
711 2266 835 2363 Poeta)
852 2283 972 2369 partus
990 2287 1026 2345 et
1045 2300 1124 2373 par·

17 2448 19 2455 ,
54 2373 252 2445 turientmm
271 2390 393 2441 curam
421 2377 569 2465 gerunt,
594 2365 826 2439 Heres‘filiae
844 2385 889 2442 ²⁰.
930 2371 1037 2444 Maris
1057 2374 1124 2445 im·
1242 2436 1248 2449 ,

54 2471 181 2572 perium
202 2479 302 2565 tenet
321 2463 499 2540 Poseidon
514 2480 566 2557 ¹²,
592 2465 655 2567 qui
673 2466 844 2567 equestris
857 2466 946 2541 item
965 2470 1016 2543 rei
1024 2497 1125 2573 prae·

364 2590 367 2599 '
1068 2595 1125 2645 ses

80 2764 105 2836 ι)
122 2764 184 2823 Vid.
201 2764 235 2823 Il.
252 2762 316 2835 XV,
335 2764 385 2820 rso
402 2778 473 2835 seqq.
622 2763 652 2833 α)
670 2761 735 2830 ejus
758 2759 829 2816 enirn
845 2762 973 2818 volutati
992 2781 1020 2821 se
1036 2784 1121 2837 oppo-

52 2868 103 2905 nere
122 2866 212 2904 eamve
235 2844 392 2909 frustatim
406 2843 477 2901 Deus
499 2844 605 2916 quidem
627 2857 731 2917 potest,
752 2854 783 2897 nt
806 2844 856 2915 leg.
879 2846 979 2917 om,
998 2850 1048 2902 103
1063 2866 1121 2918 seq.

58 2932 94 2988 Gi.
108 2931 141 2988 11.
158 2930 191 3001 1,
208 2931 269 2985 565.
287 2924 369 2997 vill,
386 2928 403 2979 5
420 2943 490 2995 seqq.
508 2939 536 2979 et
548 2927 656 2996 passim·
732 2926 763 2994 ὅ)
782 2926 844 2983 Vid.
862 2926 895 2981 de
909 2930 995 2998 μοίρᾳ
1011 2929 1119 2983 Nitsseh

52 3014 79 3065 ad
93 3012 138 3070 Od.
150 3010 211 3082 111,
227 3012 279 3065 256
294 3026 364 3079 seqq.
383 3004 471 3077 ibique
489 3005 598 3077 plurimi
614 3026 645 3061 es
662 3008 778 3061 Homero
799 3008 851 3061 Ioui
876 3008 968 3077 allati,
992 3017 1056 3079 quo's
1073 3010 1118 3067 hie

52 3107 130 3149 notare
153 3090 362 3165 supersedemus.
410 3086 452 3143 cf.
476 3087 549 3145 Idem
574 3088 606 3147 ad
624 3088 673 3145 Od.
691 3088 723 3150 1,
741 3091 776 3142 35
808 3100 836 3142 et
854 3088 908 3159 IV,
924 3094 986 3148 204.
1025 3090 1117 3163 Heyne

52 3178 104 3231 Iar.
121 3178 206 3233 Lectt.
224 3186 252 3231 et
267 3172 373 3229 Observ.
391 3170 423 3225 ad
441 3170 474 3223 11.
492 3170 547 3250 XI’
563 3173 623 3231 488.
648 3183 676 3224 et
697 3169 738 3226 cl.
755 3169 807 3227 W.
825 3169 1005 3225 Waehsnuth
1026 3173 1119 3229 Helle·

50 3258 130 3316 rische
148 3252 400 3313 Alterthumskuude
424 3250 512 3309 vol.I.
538 3255 628 3321 pse.
661 3251 703 3307 De
720 3270 772 3322 quo
795 3251 865 3306 libro
888 3255 941 3311 vid.
958 3253 1029 3309 Bibl.
1045 3255 1113 3314 crit,

49 3341 121 3399 Ion.
136 3339 247 3399 rol.lV.
263 3356 290 3408 p.
300 3338 351 3393 246
368 3352 438 3407 seqq.
507 3332 537 3402 4)
557 3333 731 3404 11.1X,49·8.
749 3332 814 3403 ibiq.
831 3333 932 3406 Heyne.
1001 3333 1033 3402 5)
1052 3336 1116 3395 Vid.

50 3422 193 3495 ltpanin.
267 3418 297 3488 6)
315 3415 376 3474 Vid.
394 3435 418 3473 e.
438 3434 462 3485 q·
486 3414 519 3469 ll·
535 3414 599 3485 XV,
619 3418 677 3485 157.
694 3414 788 3485 XXIV,
806 3417 866 3472 144.
954 3416 983 3488 7)
1002 3417 1065 3475 Vid.
1082 3418 1115 3477 ΙΙ,

52 3505 95 3575 XI,
105 3508 163 3564 185.
182 3501 282 3571 XXIII,
293 3503 351 3571 198.
369 3496 430 3553 inde
444 3498 614 3565 ποδήνεμος,
633 3496 705 3547 ὠκέα
720 3496 818 3549 dieitur
832 3507 863 3550 ut
877 3494 912 3551 Il·
926 3496 967 3570 V,
983 3502 1045 3555 368.
1063 3546 1065 3552 .

51 3585 212 3654 uum,
231 3587 288 3654 187.
306 3580 377 3651 XIX,
397 3582 455 3635 103.
527 3578 556 3649 9)
574 3577 608 3635 ll.
624 3578 676 3647 XI,
693 3598 752 3649 270·
771 3577 847 3647 XIX,
864 3597 923 3648 1¹9·
1013 3582 1058 3649 ιο)
1077 3581 1113 3641 ΙΙ.

51 3668 93 3738 XI,
108 3688 168 3741 ²70·
184 3666 251 3735 ibiq.
267 3664 352 3735 Hsyn.
387 3660 427 3714 De
442 3660 560 3731 Ilithyiis
575 3659 702 3731 peculiari
724 3658 814 3714 libello
835 3658 888 3727 egit
912 3658 951 3718 CI.
969 3661 1113 3732 Bosttisser.

51 3748 164 3821 Ilithqine
191 3758 296 3812 antrum
324 3752 482 3797 memoratur
509 3742 558 3798 0d.
574 3742 647 3811 XIX,
673 3743 731 3795 188·
767 3739 805 3792 -In
824 3757 915 3793 earum
939 3740 1025 3796 locum
1050 3744 1112 3798 dein

52 3840 217 3885 successerunt
242 3827 314 3895 Idem
331 3836 360 3879 et
371 3822 501 3879 Artemis:
525 3821 588 3877 haec
602 3840 664 3875 aero
679 3822 713 3899 ad
736 3822 880 3893 Homerum
898 3838 949 3873 non
967 3824 1110 3891 pertinent.

53 3915 86 3979 ιι)
109 3912 140 3968 Il.
155 3911 212 3981 XV,
231 3928 298 3980 ²90··
321 3906 387 3975 Ejus
408 3904 499 3973 religio
519 3905 626 3977 propria
645 3903 738 3973 Pyliis.
762 3902 847 3973 IIeyn.
867 3900 904 3956 ad
931 3902 964 3959 Il.
981 3904 1016 3957 XI
1024 3948 1032 3975 ,
1050 3925 1107 3978 727.

51 3995 119 4049 mdis
141 3993 307 4059 tvvors'yawi
330 3988 362 4047 Il.
385 3986 453 4058 XV,
480 3988 528 4043 184
553 3998 580 4042 et
600 3986 716 4057 passimss
738 3986 870 4054 γαιήοχος
901 3983 941 4051 II,
956 3986 1042 4053 XIII,
1064 3994 1107 4061 59.

51 4078 190 4147 ἐνοσίχθων
205 4092 293 4132 vsu·
670 4137 703 4211 Α
729 4133 751 4208 3
