2800 4767
368 214 852 382 souuerse·
1069 285 1119 388 ⁵9

59 482 218 561 itionem
246 491 423 557 unacum
449 480 607 585 corporis
639 481 865 561 dissolutione
891 479 1129 573 ndum..
1205 467 1210 478 ¹

59 584 290 659 minumum
320 581 453 655 malum
479 582 687 661 habuerunt.
737 584 832 660 Hinc
863 582 1131 683 Agamemnoni,

58 690 155 779 τύμβος
178 679 329 757 eductus
348 676 478 755 dicitur
497 686 532 757 ‘tir'
547 684 689 778 ἄσβεστον
714 690 792 770 κλέος
815 691 858 766 εἴη
876 699 915 777 ¹,
938 680 1131 755 omnibw·

57 808 116 883 que
146 807 189 856 ea
217 804 312 857 mors
341 782 558 874 miseranda,
592 808 700 885 quarn
731 809 752 857 u
781 782 902 874 sociis,
938 784 1000 881 qui
1024 786 1119 879 justu

57 882 132 982 ipsis
156 879 419 985 persolverent,
443 882 519 954 fato
539 881 660 985 iniquo
681 883 796 959 relicti
818 880 936 956 subire
954 904 1130 979 cogerem.

55 994 106 1053 tur
120 998 150 1051 ².
199 980 266 1055 His
285 983 526 1057 monumentis
544 986 699 1075 mortui,
722 982 813 1055 dum
836 980 982 1075 insiris
1003 992 1119 1069 essct,

56 1072 195 1180 insignia
238 1078 497 1180 infigebantur,
528 1081 624 1183 quod
655 1080 704 1157 de
736 1081 943 1182 Elpenore,
982 1077 1120 1177 Ulyssis

55 1181 161 1271 socio,
198 1176 370 1270 traditur,
401 1184 502 1279 cujus
536 1182 662 1281 optimi
686 1180 927 1281 gubernatoris
958 1176 1133 1251 acerbam·

55 1292 197 1351 nortem
219 1273 318 1379 luget
341 1277 511 1383 Ulysses,
535 1286 681 1383 ejusque
701 1308 722 1355 a
746 1304 784 1354 se
813 1277 934 1362 habita
955 1276 1132 1349 funeran-v

56 1374 90 1451 di
112 1402 195 1451 cura
214 1379 389 1481 exposita,
928 1413 959 1474 Α·
1121 1403 1124 1411 ·

141 1484 284 1573 Τὺμβσν,
308 1479 442 1579 inquil,
462 1487 613 1577 χτὺοτκτες1
638 1487 687 1552 κατ’
701 1481 750 1551 ini
766 1482 875 1560 ombus
895 1477 1047 1577 ἕρὺσακτις

142 1581 285 1675 Πήξαριεν
307 1585 455 1678 ἀκροτάτῳ
472 1584 575 1677 τύμβῳ
588 1585 684 1677 εὐῆρες
704 1581 822 1675 ἐρετμόν
838 1575 868 1647 3.
1089 1663 1097 1673 .

92 1672 123 1773 ξ.
147 1677 185 1771 4.
234 1678 343 1751 Extra
360 1677 466 1751 urbes
479 1676 604 1750 eodem
625 1678 724 1767 loco,
747 1700 818 1777 quo
835 1672 1005 1751 cadavera
1023 1700 1122 1749 com·

52 1768 144 1845 busta
178 1789 313 1868 eram,
361 1778 547 1877 sepulchra
585 1790 762 1850 exstructa
810 1776 915 1849 fuisse
957 1798 1001 1847 ex
1034 1774 1119 1846 llis·-
1246 1776 1250 1783 ’

52 1866 98 1943 dis
117 1870 208 1947 libro
230 1874 381 1976 septimo
407 1875 547 1949 efficere
573 1874 680 1965 licet,
706 1901 777 1973 quo
799 1874 838 1947 in
872 1898 991 1972 pugna
1006 1875 1118 1947 caesis

51 1972 239 2068 promiscue
266 1983 395 2072 justae
423 1976 586 2074 Troianis
604 1974 782 2075 persoluta
805 1972 994 2069 dicuntur,
1017 1970 1113 2073 quod

52 2071 101 2142 rix
129 2084 188 2144 aut
214 2096 260 2145 ne
282 2075 340 2149 vix
361 2074 506 2175 quidem
539 2099 558 2144 a
582 2096 620 2146 se
646 2074 799 2166 invicem
826 2070 989 2191 dignosci
1013 2085 1117 2171 pote·

50 2180 119 2243 tani
145 2192 318 2271 corpora;
354 2176 502 2271 διαγνῶναι
533 2181 592 2271 γὰρ
614 2178 748 2268 χαλεπῶς
776 2168 925 2268 ἦνανδρα
949 2175 1068 2245 ’ἕκαστον
1083 2172 1116 2242 4·
1148 2200 1151 2212 '
1279 2216 1282 2223 ·

51 2265 88 2340 Iu
105 2271 208 2343 maris
233 2272 342 2345 etiam
368 2272 468 2346 litore
499 2269 689 2370 sepulchra
715 2269 866 2361 fiebant,
893 2270 1022 2367 inquo
1043 2270 1114 2341 sci-

49 2361 120 2439 licet
136 2368 351 2469 sepulturam
377 2373 473 2445 nacti
496 2384 580 2444 sunt
598 2369 783 2445 Patroclus
798 2370 840 2463 ⁶,
865 2367 1056 2442 Achilles⁶
1078 2380 1114 2440 ct

50 2462 219 2567 Elpenor,
245 2494 370 2571 quern,
394 2470 511 2571 inquit
534 2468 698 2569 Ulysses,

134 2572 252 2665 Φιτροὺς
277 2621 287 2640 .
314 2623 324 2642 .
354 2624 362 2644 .
387 2570 460 2667 αἶψα
479 2578 634 2663 ταμόντες,
658 2561 705 2644 id
717 2572 859 2669 ἀκροτάτη
878 2568 1064 2671 πρὸεχ’σάτὴ

134 2670 290 2763 Θοὶπτομεν
308 2676 476 2764 ἀχνύμενσι,
502 2673 620 2767 θαλερὸν
632 2678 710 2744 κατὰ
727 2671 820 2767 δάκρυ
840 2682 949 2766 χέοντες
965 2684 996 2743 7.
1191 2706 1195 2713 -

88 2757 115 2857 fi.
139 2762 177 2837 5.
228 2768 395 2859 Quamvis
415 2792 435 2838 a
453 2768 610 2869 cognatis
621 2780 657 2840 et
670 2768 906 2843 familiaribus
922 2765 1063 2842 solenni
1074 2779 1112 2840 et

46 2857 131 3029 {poto
142 2862 271 2956 modo,
287 2890 396 2969 quem
406 2862 581 2957 diximus,
601 2880 680 2966 post
697 2866 767 2941 fatu
778 2867 921 2969 sepeliri
940 2866 1110 2939 heroibus

77 2962 230 3035 omeriois
247 2965 284 3039 in
305 2964 398 3040 votis
415 2977 530 3057 esset,
555 2963 621 3037 alia
641 2979 760 3040 tamen
781 2980 962 3067 practerea
976 2962 1110 3038 ratione

46 3048 282 3135 defunctorum
307 3061 469 3151 manibus
485 3062 662 3164 placidam
677 3067 835 3168 quietem
854 3078 891 3139 et
911 3064 1051 3139 facilem
1068 3072 1109 3148 εἰς

46 3152 127 3228 'dido
155 3157 365 3237 descensum
393 3162 511 3263 parari
536 3188 637 3263 posse
669 3164 930 3239 existimabant.
985 3161 1111 3239 Fiebet

46 3254 130 3328 enim
147 3256 354 3361 aliquando,
381 3263 476 3335 utin
495 3260 687 3364 longinqua
717 3251 811 3337 te'rra
831 3263 962 3337 mortui
986 3276 1049 3335 aut
1070 3263 1110 3337 in

45 3373 127 3426 mare
147 3360 368 3462 praecipitati
387 3374 447 3433 aut
466 3366 589 3463 quovis
614 3364 680 3437 alio
704 3388 788 3443 casu
804 3361 926 3436 afflicti
952 3360 1110 3458 legitimo

45 3462 77 3522 et
103 3458 194 3559 justo
219 3460 404 3560 sepulchro
428 3486 502 3532 non
530 3463 742 3561 potirentur.
793 3462 859 3534 Cui
885 3460 1046 3533 fortunae
1069 3473 1109 3533 ut

44 3572 279 3648 succurrerent
309 3557 559 3632 defunctorum
593 3562 731 3729 minati
754 3586 774 3631 a
816 3584 859 3632 ue
880 3560 1005 3650 amici,
1032 3559 1109 3632 ina·
1190 3604 1192 3612 ι

662 3685 682 3729 o

44 3670 98 3723 nes
108 3667 141 3725 ct
155 3656 383 3733 cadaveribus
395 3683 522 3735 vacuos
543 3670 645 3732 tumu
682 3659 753 3732 siis
765 3684 791 3731 e
820 3658 995 3750 ucebant,
1020 3684 1106 3759 quos

1059 3788 1109 3829 ›e-

75 3967 163 4036 tl0d·
180 3968 313 4040 1v,sa4.
332 3970 365 4026 as
380 3992 407 4043 q.
422 3929 494 4032 uss.
514 3974 631 4049 rimu,
655 3986 683 4031 κ
696 3975 746 4034 os.
764 3973 816 4044 u,
834 3978 866 4047 75
883 3990 955 4043 sqq.
1005 3971 1107 4041 alvo

46 4047 87 4101 or.
100 4051 138 4122 v,
154 4056 203 4109 sas
218 4070 289 4123 seqq.
382 4054 411 4124 s)
430 4055 481 4115 os.
505 4058 566 4127 iu,
586 4062 618 4114 ιτ
632 4076 686 4129 seq.
779 4054 1104 4132 4)11.v1,1‚·424⁸0ss·

44 4131 70 4201 s)
85 4130 296 4207 vicuium,
315 4137 374 4192 125.
424 4140 455 4213 e)
474 4139 705 4204 τουτων.
722 4144 765 4203 82·
817 4142 847 4215 7)
863 4135 990 4209 (Μ,
1009 4155 1103 4208 mes·
