2800 4767
341 226 847 421 Procurrunt·
995 278 1128 385 ‚xm

44 564 45 567 ,
88 467 181 561 titan
191 487 308 557 eontra
324 478 540 557 Graecorum
558 480 762 571 verborum,
786 502 876 581 quae
893 477 932 553 in
949 488 1118 554 contextu

44 654 45 659 =
88 600 437 707 interpretamentum,
463 600 619 673 indicem
641 600 739 673 hand
758 602 806 673 ita
824 599 981 699 amptum
1000 596 1120 671 conse·

88 722 190 811 cimus,
212 732 330 793 nostro
354 720 487 820 quippe
507 719 605 819 operi
626 740 832 817 congmnm.

44 884 45 887 =
120 839 316 915 Sttberianis
335 836 495 939 'denique
526 836 887 910 animadversionibus
914 848 952 907 et
972 834 1119 907 ioannis

86 959 168 1032 larici
198 956 359 1061 Heupeiii
389 954 690 1031 observationibus
723 954 1117 1055 Philologico·Criticis,

85 1091 220 1178 qnantum
247 1102 292 1150 ex
321 1089 441 1152 nostro
465 1073 611 1148 consitio
647 1072 768 1164 licuit,
802 1075 857 1146 uei
885 1070 1032 1174 quidem
1060 1095 1118 1144 eu-

85 1220 154 1290 mus,
175 1208 323 1270 ettamen
348 1194 481 1284 rarius,
505 1190 604 1294 quod
630 1192 815 1293 memeque
833 1192 929 1266 locos
950 1192 1116 1264 Homeri·

85 1338 139 1404 eos,
162 1316 257 1415 quia
282 1312 423 1387 Feithio
448 1310 562 1385 citatio
580 1309 634 1383 ibi
655 1310 834 1384 adduntur
849 1328 889 1399 ²,
914 1311 990 1412 ipse
1012 1310 1119 1384 edne·

84 1434 140 1505 mis
159 1436 227 1533 ¹jam
252 1434 517 1531 adscripseram.
574 1428 699 1529 Ipsum
725 1429 823 1502 enim
843 1431 1043 1505 Homerum
1067 1431 1117 1503 lea

85 1551 271 1642 etitareram,
302 1553 510 1650 'priusquam
546 1548 786 1640 uorrsnlerem,
821 1550 954 1651 quiex
990 1550 1117 1625 eodem
1190 1635 1192 1638 ,

83 1666 149 1740 fonte
168 1695 224 1744 sua
253 1668 461 1747 hauserunt.
517 1665 622 1761 Quod
649 1668 689 1741 in
711 1663 811 1743 omni
833 1668 902 1743 hac
930 1692 970 1741 re
991 1662 1116 1742 tenen·
1173 1684 1180 1699 “

85 1784 145 1861 dum
162 1800 221 1863 est.
280 1786 375 1863 Nam
399 1803 466 1862 neti
488 1788 626 1888 taepine
649 1786 741 1860 mihi
766 1787 902 1877 evenit,
926 1800 969 1859 ut
988 1810 1115 1861 recen·

83 1903 178 1981 tiorum
196 1902 416 2013 quorundam
443 1904 604 2007 scriptis,
628 1926 717 2008 quae
736 1898 782 1979 ad
806 1921 883 1979 rem
899 1930 1015 1979 meam
1035 1932 1114 2006 per·

83 2022 226 2117 tinebant,
257 2024 461 2101 evolvendis
494 2022 588 2099 nihil
608 2022 708 2096 aliud
740 2024 973 2124 proficerem,
1009 2048 1114 2127 quam

44 2164 46 2287 ᾖ
82 2152 107 2211 ιιι
124 2144 284 2219 eundem
292 2162 353 2219 eos
378 2162 521 2218 mecum
546 2142 680 2215 iontem
713 2132 840 2217 adiisse
869 2129 1004 2225 inteliio
984 2166 1115 2243 g.mem

44 2256 151 2349 Quos
178 2252 405 2338 nihilominus
446 2256 658 2363 scriptores,
693 2260 754 2333 ubi
786 2283 842 2335 res
879 2252 1033 2356 ferebat,
1068 2287 1110 2339 eo

79 2378 189 2453 consilio
208 2382 333 2473 citari,
358 2394 399 2455 ut
426 2378 616 2481 juvenibus
644 2380 928 2477 innotescerent,
952 2406 1021 2455 nee
1045 2384 1114 2456 mi·

44 2534 46 2577 ι
44 2490 174 2572 lices
198 2498 374 2599 ignorasse
407 2500 559 2574 crimini.
572 2512 778 2573 verteretur.
834 2499 956 2576 Sciens
987 2517 1111 2579 contra

78 2614 255 2719 antiquitatis
285 2614 518 2720 compendia,
553 2642 702 2691 numero
721 2616 900 2717 plurimar
922 2648 996 2695 non
1016 2637 1113 2697 coma

44 2740 262 2823 memoravi:
302 2756 388 2811 nam
420 2736 542 2810 letiter
562 2735 709 2808 sercin
738 2734 783 2809 ιιι
813 2758 869 2811 res
907 2746 1112 2816 Homericae

44 2855 347 2955 pestringuntur,
378 2870 451 2929 uno
492 2867 638 2955 excepto
675 2855 788 2929 Doet.
820 2856 871 2936 Η.
898 2860 1009 2947 tinea,
1046 2864 1111 2959 qni

44 2918 84 3083 ι
77 2989 103 3039 111
121 2974 288 3051 metanda
321 2974 528 3083 antiquitate
557 2972 692 3047 Graeca
712 2973 903 3072 universali
928 2976 1011 3051 satie
1036 3008 1113 3054 ma

44 3109 152 3177 gnam
173 3096 299 3191 prioris
325 3092 514 3168 voluminis·
545 3104 683 3193 partem
715 3069 912 3169 Homericis
947 3118 994 3172 ex
1024 3100 1108 3174 Fei·
1193 3150 1198 3154 -

44 3200 118 3285 [hii
138 3235 253 3289 nonna
278 3198 497 3289 delineandis
526 3206 751 3305 dedicarit&
800 3214 924 3288 Exstat
952 3232 1108 3315 praeter·

75 3340 116 3404 et
108 3353 239 3427 quam
269 3334 400 3409 frustra
430 3304 493 3405 diu
524 3332 717 3433 quaesitam
749 3330 855 3407 Doot.
891 3322 1108 3430 Bergmanni

75 3432 258 3526 humanitate
279 3462 407 3527 nactus
429 3473 528 3541 enm,
555 3474 637 3523 cum
656 3450 777 3549 praelo
794 3449 1043 3553 aliquamdiu
1032 3485 1107 3559 jam

44 3642 46 3773 ι
1046 3587 1110 3651 ‘²²

44 3775 127 3856 1)
144 3773 254 3850 Ceteris
275 3774 357 3851 enini
377 3792 424 3850 uti
417 3773 564 3851 veiabe't
575 3773 659 3851 instit
648 3771 707 3853 tuti
723 3794 784 3853 mei
806 3795 894 3855 ratio.

44 3882 125 3961 )
142 3891 244 3971 Operis
255 3893 436 3953 tentarent.
459 3893 657 3956 Grieehieehe
674 3894 965 3957 Alterthumskunde
982 3914 1040 3957 ron
1051 3898 1108 3961 Dra
1154 3863 1156 3867 Ι

44 3968 98 4042 Η
113 3988 188 4053 liare
204 3996 279 4054 rwei
299 3993 472 4078 Βιιιιιιιιοιι.
497 3995 646 4057 Dreadon.
668 3996 725 4059 18
710 3997 757 4058 3

839 4097 856 4137 8
864 4094 881 4140 ι
