2800 4767
189 298 252 351 xrs
335 258 387 326 Γ
497 268 1011 351 PROOEMIUM.

186 469 449 547 emendandum
468 494 549 581 'esse
571 468 774 545 arbitrabar.
823 469 966 545 Etenim
990 471 1021 544 si
1041 471 1251 577 inungendi

185 590 465 691 emendandique
486 591 667 691 proposito
692 591 983 689 permansissem,
1007 595 1176 671 nonnulla
1196 600 1249 672 ita

183 709 273 783 mihi
283 708 440 809 augenda
461 720 497 781 et
514 705 737 781 emendanda
753 706 937 802 videbam,
952 721 993 780 ut
1012 707 1077 783 alia
1101 716 1250 789 omnino

152 876 156 879 -
176 830 329 921 fierent,
354 851 421 900 neo
437 825 508 900 nisi
525 824 671 901 obseura
688 840 871 900 manerent
886 825 1014 929 prioris
1034 826 1167 903 formae
1185 859 1252 908 ve·

183 944 298 1044 stigia.
343 944 444 1019 Haeo
462 956 579 1017 autem
598 942 654 1019 vel
672 944 713 1017 in
733 942 864 1017 bonam
883 942 939 1018 vel
961 943 1001 1019 in
1024 946 1149 1022 malam
1168 978 1252 1051 par-

185 1076 259 1139 sem
285 1059 401 1163 (quod
420 1059 479 1138 alii
500 1060 681 1161 judicent)
703 1074 836 1136 mutata
852 1061 983 1138 Feitbii
1006 1066 1152 1141 nomine
1168 1068 1254 1143 ede·

185 1206 225 1255 re
249 1192 286 1253 et
305 1181 356 1253 rei
376 1192 500 1253 natura
520 1176 766 1275 dissuadebat,
793 1192 829 1255 et
848 1180 959 1283 ipsius
973 1186 1082 1261 Doot.
1099 1182 1180 1261 Viri
1203 1188 1257 1264 fa-

185 1324 244 1371 ma
265 1296 427 1388 vetabat,
453 1310 491 1372 et
510 1320 593 1371 vero
616 1296 725 1400 (quid
746 1302 843 1376 enim
870 1299 1044 1402 diffitear)
1068 1302 1157 1380 mihi
1180 1306 1259 1381 dis-

170 1414 354 1520 plicebat.
402 1417 460 1493 Ex
480 1414 687 1493 stobeuana
703 1430 824 1494 tamen
845 1418 977 1495 F'eithii
1002 1418 1156 1497 editione
1176 1450 1258 1500 aer-

186 1538 285 1638 vavi,
308 1560 397 1637 quae
416 1533 509 1609 salvo
527 1534 686 1609 instituto
706 1548 827 1610 nostro
849 1539 982 1615 servari
1002 1551 1185 1641 poterant:
1210 1544 1271 1651 id·¹

187 1668 261 1746 est,
287 1680 369 1727 eum
388 1654 502 1755 operis
517 1654 555 1728 in
575 1652 706 1745 libros,
725 1656 840 1756 capita
861 1666 898 1729 et
907 1662 1144 1763 paragraphos
1160 1680 1175 1722 ι
1200 1662 1262 1737 di.

187 1773 377 1864 visionem
410 1784 488 1845 turn
513 1770 736 1865 testimonia,
769 1799 861 1874 quae
890 1798 934 1848 ex
957 1776 1105 1853 Homeri
1128 1782 1259 1857 carmi·
1314 1777 1319 1786 ’

186 1889 297 1965 nibus
316 1888 426 1991 petita
441 1900 565 1963 erant:
593 1888 752 1989 partim,
779 1889 874 1992 quod
907 1891 1163 1996 discipulorum
1186 1902 1261 1974 uti·

186 2011 279 2084 litati
300 2022 338 2081 et
354 2006 597 2083 commoditati
616 2008 726 2107 magis
743 2008 1009 2086 inserviendum
1027 2028 1123 2108 erat,
1148 2010 1264 2119 quam'

188 2126 389 2226 scriptionis
417 2125 605 2221 elegantiae
632 2140 668 2199 et
695 2127 880 2217 suavitati;
900 2132 1060 2230 partim,
1087 2161 1132 2208 ne
1160 2136 1263 2211 testi-

47 2235 54 2248 ”
186 2247 305 2323 monia
337 2244 523 2319 Homerica
559 2241 663 2316 allata
693 2243 908 2342 negligentes
933 2246 1015 2323 aliis
1047 2239 1269 2353 quaerendis⁴

192 2388 337 2467 operam
365 2362 606 2465 perderemus.
655 2360 731 2437 Nec
752 2373 875 2434 tamen
897 2360 998 2439 aliter
1019 2368 1096 2443 fieri
1119 2375 1263 2473 potuit,

188 2485 276 2584 quin
300 2494 337 2555 et
362 2482 401 2553 in
426 2478 496 2553 illis
514 2476 686 2580 quaedam
713 2490 898 2553 mutarem.
949 2483 1027 2558 Alia
1044 2488 1178 2563 scilicet
1197 2518 1264 2564 ea-

188 2603 264 2702 pite
291 2612 328 2673 et
357 2598 590 2698 paragraphos
621 2601 779 2695 sejuncta
803 2600 1008 2698 jungenda,
1040 2604 1108 2680 alia
1138 2615 1263 2709 juncta

190 2715 384 2819 separanda
415 2740 489 2788 esse
510 2712 620 2791 duxi:
652 2713 719 2786 alia
746 2715 868 2808 omisi,
901 2745 992 2793 nova
1024 2722 1092 2797 alia
1115 2726 1264 2821 addidi,

191 2862 279 2939 quae
300 2856 483 2909 recensere
503 2856 630 2932 operae
650 2832 807 2932 pretium
826 2860 901 2909 non
923 2852 1000 2912 est:
1020 2854 1141 2935 utrum
1161 2853 1262 2921 r'ecte

190 2958 360 3047 fecerim,
384 2951 530 3027 videant
552 2950 656 3050 aequi
679 2948 787 3051 hujus
812 2954 864 3026 rei
890 2956 1038 3054 judices.
1085 2964 1191 3055 Quod
1213 2966 1265 3040 ad

191 3073 412 3161 testimonia,
445 3093 534 3170 quae
557 3067 734 3162 diximuS,
770 3070 918 3163 attinet,
956 3102 976 3149 a
1001 3076 1141 3154 Feithio
1167 3081 1262 3159 datis

118 3178 121 3189 ¹
194 3193 279 3282 alia,
305 3213 436 3289 eaque,
461 3198 631 3288 quantum
650 3184 769 3276 licuit,
794 3212 838 3261 ex
857 3202 1007 3295 utroque
1028 3197 1156 3274 Poetae
1180 3230 1264 3278 car·

192 3313 288 3385 mine
309 3307 454 3397 addidi,
480 3328 551 3407 quo
576 3303 742 3405 discipuli
771 3318 807 3381 et
831 3306 980 3385 Iliadem
1006 3328 1043 3388 et
1065 3318 1263 3416 Odysseam

194 3428 238 3502 ab
251 3455 335 3501 uno
354 3424 548 3526 eodemque
569 3436 712 3497 auctore
739 3426 934 3526 prolectam
961 3456 1036 3507 esse
1061 3437 1197 3537 plenius
1223 3458 1265 3517 et

195 3544 307 3621 oculis
327 3544 397 3649 ipsi
418 3542 491 3618 suis
514 3541 765 3649 perspicerent.
823 3543 870 3617 In
895 3547 941 3622 iis
963 3562 1081 3627 autem
1101 3546 1186 3633 locis
1208 3562 1265 3635 ci·
1291 3550 1295 3558 ’

1185 3689 1266 3752 tan·

236 3882 269 3957 1)
290 3882 375 3955 Quae
395 3900 413 3941 a
436 3878 565 3941 Stobera
584 3877 742 3959 profectae
752 3880 785 3941 in
799 3868 903 3960 prima
916 3883 1030 3947 Faitlrii
1047 3890 1183 3959 aditione
1198 3918 1264 3963 110„

200 3987 403 4063 inueniuntur.
443 3982 514 4047 Vid.
538 3978 657 4043 Stober.
671 3980 711 4043 ad
732 3980 848 4044 sedit.
867 3985 965 4067 praef.
