2800 4767
242 288 292 379 ανγ
520 237 1071 403 νντιρυιννε.

241 486 569 606 qrroqueint'erdum
586 488 710 575 fecisse
727 514 770 563 ex
780 484 1072 591 praecedentibus
1086 480 1321 583 intelligitur..

290 588 321 688 ᾗ.
347 590 385 668 5.
432 588 583 681 Eodem,
620 614 691 690 quo
712 587 802 689 ipsi,
816 584 968 691 'pulchri
997 606 1115 660 amore
1137 596 1175 657 et
1201 606 1312 654 sensu

243 685 338 779 Deos
357 687 509 769 imbutos
521 686 590 761 sihi
605 688 655 761 fin
678 700 800 780 entes,
824 686 976 785 egregias
993 710 1068 759 non
1080 696 1221 758 tanturn
1245 676 1321 751 sed

211 816 222 823 ·
245 800 383 863 ornatas
402 788 446 862 iis
472 786 632 862 victimas
654 714 843 861 donabant
886 786 999 859 Boves
1023 786 1119 858 enim
1139 803 1225 858 aur0
1246 774 1312 850 Ob·

183 940 194 951 .
246 881 381 963 ducere.
399 884 567 961 solebant.
615 886 670 959 Ita
690 884 736 965 ad
758 884 919 960 Atheneo
938 881 1131 957 Diomedes

372 992 435 1071 Τήν
457 1017 499 1062 τοι
521 990 576 1083 ἐγὼ
598 984 688 1081 ῥέξω,
714 991 820 1084 χρυσὸν
843 999 944 1083 ripuar
966 991 1114 1079 περιχεύας
1131 998 1161 1052 ¹·
1235 994 1243 1007 '

246 1084 317 1179 Qui
330 1083 516 1159 inaurandi
532 1081 656 1165 modus
668 1084 845 1191 Odysseae
862 1081 961 1158 Libr.
977 1083 1030 1157 ΙΙΙ
1047 1101 1065 1139 ²
1080 1074 1314 1165 describitur,

242 1182 308 1259 'uhi
331 1186 507 1259 Laerceus
530 1192 678 1281 χρυσοχόος
697 1209 718 1255 a
742 1180 890 1255 Nestore
915 1178 1100 1283 acceptum
1125 1191 1162 1252 et
1185 1176 1318 1248 instruo

246 1284 377 1357 mentis
396 1278 609 1354 fabrilibus³
635 1278 849 1384 elaboratum
874 1305 1000 1355 aurum
1024 1278 1123 1355 bovis
1147 1270 1315 1358 cornibus

244 1379 512 1461 circumfundit:

443 1526 457 1553 .
482 1532 491 1550 .
519 1533 529 1550 .
554 1529 568 1555 .
589 1489 604 1551 ὁ
627 1474 656 1551 δ’
676 1482 778 1552 ἔπειτα
800 1482 870 1569 βοὸς
889 1486 1004 1575 κέρασιν
1025 1490 1172 1575 περνχεῠεν

267 1636 272 1646 .
391 1574 560 1667 Ἀσκήσας,
582 1578 618 1649 ’ἶν’
636 1574 758 1676 ἆγαλρα
781 1580 833 1649 θεὰ
856 1590 1002 1673 κεχάροιτο
1025 1582 1119 1652 {moa
1134 1576 1165 1651 4·

247 1670 360 1755 Sacris
380 1674 476 1747 enim
499 1674 660 1747 adflatura
683 1688 829 1756 venerat
847 1674 986 1746 Athene
1002 1676 1031 1751 ⁵.

249 1762 256 1805 ³
298 1774 329 1873 ξ.
354 1770 391 1847 6.
441 1772 703 1869 Victimarum,
727 1800 814 1875 quas
837 1772 913 1845 Diis
936 1771 1122 1863 offerrent,
1147 1784 1317 1850 numerus

248 1870 347 1959 haud
373 1897 514 1971 semper
534 1868 628 1951 idem
654 1870 801 1945 Homeri
823 1884 936 1945 aetate
961 1869 1028 1943 luit
1053 1896 1120 1943 nec
1139 1870 1207 1945 sibi
1234 1898 1318 1946 con·

248 1984 358 2045 stans.
412 1968 518 2043 Modo
549 1973 646 2043 enim
679 1998 751 2044 una
783 1984 920 2043 tantum
955 1969 1067 2051 hostia
1097 1970 1320 2065 immolatur,

248 2068 358 2167 modo
374 2066 508 2171 plures,
529 2092 596 2141 neo
612 2094 655 2141 ex
671 2095 744 2142 uno
765 2092 907 2157 omnes,
920 2066 984 2140 sed
1001 2066 1138 2142 diverso
1152 2084 1319 2143 nonnun-

223 2168 359 2269 ''quam
383 2164 588 2243 animalium
620 2192 746 2265 genere
768 2166 916 2239 selectae
927 2166 958 2238 6.
1006 2167 1051 2240 In
1070 2166 1127 2241 his
1155 2168 1319 2242 celebrio-

194 2334 210 2357 ,
252 2291 309 2340 res
332 2266 476 2338 fuerunt
502 2290 522 2340 a
544 2266 654 2337 Poeta
683 2266 820 2366 saepius
838 2263 997 2337 laudatae
1028 2272 1208 2359 ἑκατόμβαι,
1229 2291 1319 2368 quae
1356 2345 1360 2355 ι

253 2388 297 2437 ex
326 2366 419 2441 vocis
454 2361 658 2463 etymologia
686 2376 832 2437 eentum
866 2386 930 2463 pro
955 2365 1008 2437 rie
1047 2362 1161 2437 bobus
1186 2378 1322 2439 consta·
1388 2369 1389 2380 ’

251 2461 362 2552 bant,
387 2476 427 2549 ut
441 2460 580 2535 disertis
600 2457 718 2537 verbls
747 2460 899 2537 affirmat
912 2388 1134 2554 Epustathion
1157 2467 1190 2550 ἐξ
1223 2470 1322 2544 ἑκατὸν
1388 2477 1389 2482 ’

251 2564 375 2659 delato
404 2572 506 2669 κυρίαν
529 2566 604 2651 βοῶν
627 2576 656 2649 ν.
714 2558 839 2661 Neque
872 2571 992 2633 tamen
1007 2557 1122 2634 'boum
1145 2561 1251 2647 unice
1271 2586 1324 2647 aa·

256 2657 431 2743 crifiolum
453 2670 552 2747 notat
566 2664 726 2757 ἑνατόρβη.
775 2662 820 2734 In
852 2656 1010 2733 Homero
1033 2672 1070 2731 et
1099 2660 1322 2749 victimarum

254 2780 369 2869 genus
382 2757 492 2834 variat
513 2769 551 2830 et
567 2778 745 2841 numerus.
793 2756 921 2831 Achivi
939 2750 1036 2855 enini

389 2906 391 2910 -
438 2852 555 2953 Ἔρδαν
580 2906 635 2932 ...
654 2854 811 2929 Ἀπόλλωνι
828 2860 981 2943 τεληέσσας
997 2860 1167 2953 ἑκατόμβας

449 2960 571 3054 Ταύρων
593 2956 639 3037 ἠδ’
656 2963 743 3054 αἰγῶν
767 2987 796 3025 κ.
815 2986 840 3029 τ.
863 2960 894 3027 λ.
910 2953 942 3031 8.

253 3052 431 3153 Agnorunt
463 3053 673 3125 sacrificium
703 3050 926 3126 hecatombes
964 3052 1112 3147 nomine
1141 3052 1323 3153 insignivit

253 3151 363 3226 Poeta
380 3148 437 3221 his
448 3148 582 3238 verbm,
595 3156 686 3247 ἀρνῶν
698 3162 874 3248 πρωταγόννα
889 3156 999 3236 κλειτὴν
1016 3160 1178 3249 ἑκατόμβην
1193 3171 1223 3230 9.
1251 3151 1323 3226 Sed

158 3293 165 3299 -
250 3274 322 3324 neo
347 3244 400 3339 de,
423 3247 621 3339 centenario
649 3265 801 3352 numeru
823 3248 949 3356 liquet:
986 3253 1096 3325 immo
1135 3278 1217 3328 vero
1245 3251 1323 3352 plu-

735 3370 742 3381 “
1281 3377 1326 3423 rls

290 3540 503 3615 ι)ΙῙ.Χ,294.
537 3541 801 3617 ct-os.111,ss.4.
843 3562 847 3568 “
879 3547 1128 3619 Μαίνδανεας.
1214 3540 1326 3615 Μὴν

255 3637 344 3681 morat
368 3622 449 3679 Poeta
481 3626 588 3691 ἄκρον,
620 3628 743 3699 dodoau,
773 3629 926 3700 εὐπνίητνα
949 3650 983 3684 τε
1007 3634 1152 3702 πυράγρην
1161 3642 1179 3699 ,·
1196 3624 1267 3681 οἷσίν
1294 3646 1327 3680 ‘cs

255 3710 357 3779 χρυσὸν
374 3708 530 3778 εἰργάζετο.
548 3708 596 3767 od.
613 3707 676 3766 L.l.
694 3726 731 3766 rs.
744 3712 798 3766 434
813 3729 868 3782 seq·
885 3712 920 3767 ad
936 3732 963 3783 q.
977 3713 998 3767 1.
1015 3712 1069 3770 vid.
1085 3710 1192 3769 Nitssoh
1212 3722 1240 3766 et
1256 3721 1328 3767 anot.

255 3789 333 3847 alteo
347 3789 418 3851 laud,
476 3790 508 3857 4)
526 3790 576 3847 0d.
596 3790 655 3849 LI.
673 3793 785 3851 rems.
843 3795 874 3863 5)
893 3796 952 3851 viu
962 3795 1086 3851 Eustatlr.
1103 3804 1130 3848 et
1147 3794 1257 3862 interpr.
1272 3808 1327 3850 rec.

255 3870 289 3931 sd
299 3871 346 3931 (ld.
358 3871 378 3929 l.
391 3872 411 3928 l.
479 3872 509 3939 6)
528 3873 565 3927 Ut
578 3872 679 3927 abunde
686 3886 759 3945 patet
768 3894 798 3930 ex
812 3874 877 3931 loeis
888 3883 965 3949 supr'a
978 3876 1074 3931 citatis.
1142 3874 1172 3946 7)
1190 3874 1229 3929 sd
1245 3874 1280 3931 ll.
1297 3872 1326 3944 1,

256 3954 308 4009 515
324 3972 378 4024 seq.
413 3953 454 4010 cf.
471 3972 507 4010 rs.
526 3957 560 4009 65
584 3953 658 4008 alibi.
699 3954 762 4012 vid.
784 3956 818 4011 ad
835 3957 900 4018 nt
924 3962 1020 4027 interp.
1045 3958 1116 4027 inpr.
1148 3956 1233 4027 lleyn.
1259 3953 1326 4013 var.

257 4036 342 4093 lacell-
361 4034 511 4099 etobserv.
629 4035 661 4103 8)
678 4034 711 4095 ll.
726 4036 760 4108 Ι,
784 4040 842 4096 315.
943 4038 973 4111 9)
991 4037 1026 4099 lle
1048 4037 1151 4110 XXIII,
1168 4042 1226 4096 864.
1261 4035 1327 4094 Vid.

259 4118 339 4171 etiarn
356 4115 408 4170 loci
425 4134 482 4171 mox
502 4114 635 4175 laudandi.
1184 4116 1190 4133 '
